2408 3764
403 193 667 253 EH12TOAH
687 185 719 266 ξ.
1025 194 1068 259 τε

66 361 128 424 δεά
137 355 327 441 γεγονέναι·
349 354 504 437 λέγοντες
515 350 579 419 οὐκ
597 354 745 438 ἐναργοῖς
756 353 875 442 οὕτως,
894 355 937 425 οὐ
949 354 1015 442 γὰρ
1026 351 1070 441 ἦν

65 451 225 539 ἀσφαλές,
237 450 462 536 αἰνιττόμενοι
474 451 511 516 δὲ
529 450 585 516 καὶ
603 452 840 538 διαμαχόμενοι
857 468 927 535 τοῖς
944 453 1067 539 λόγοις,

65 549 113 631 ὡς
125 549 214 618 οὕτω
229 549 292 636 μὲν
303 556 367 630 πάς
379 546 465 636 ἀνὴρ
478 543 585 614 αὑτόν
596 571 632 612 τε
649 547 704 613 καὶ
715 549 862 633 ἐκείνους
873 545 923 620 τόν
934 548 977 621 ἀν
988 551 1069 639 ἡγε-

65 649 141 736 μών
152 655 305 735 γίγνηται
317 648 429 733 σοι’σει,
442 645 488 733 μὴ
507 645 612 730 ταότη
630 641 668 710 δὲ
685 647 891 733 τραπόμενος
908 648 1070 719 τάναντία

67 746 178 815 πάντα
196 745 366 815 ἀποτελεῖ·
389 742 572 829 πορευθεὶς
590 740 627 807 δὲ
645 736 691 821 ὡς
707 743 857 830 λέγομεν,
875 749 930 815 καί
947 746 1069 817 ἑαυτὸν
1089 769 1107 816 Ε

37 866 46 876 ·
65 844 221 933 ἐμφρονά
232 869 268 911 τε
279 845 336 910 καὶ
354 839 516 925 σώφρονα
532 836 817 924 ἀπεργασόμενος,
836 847 866 907 εἰ
879 842 936 922 τὰς
949 846 1070 931 ἐξηρη-

65 945 223 1030 μωμένας
240 943 398 1016 Σικελίας
415 937 527 1017 πόλεις
544 941 744 1004 κατοικίσειε
761 934 878 1021 νόμοις
894 963 928 1005 τε
945 942 1070 1028 ξυνδη-

67 1061 139 1108 σειε
156 1042 214 1107 καὶ
230 1035 421 1120 πολιτείαις,
441 1031 527 1102 όόστε
543 1031 636 1126 νότῳ
653 1059 689 1102 τε
701 1038 831 1115 ,οἰκείας
848 1036 904 1102 καὶ
915 1032 1070 1121 ἀλλήλαις

68 1134 260 1221 εἶναιπρὸς
281 1133 338 1229 τάς
355 1140 422 1201 τοῖν
435 1132 617 1222 βαρβάρωυ
633 1139 804 1221 βοηθείας,
822 1131 869 1215 Ιοά
892 1138 1071 1203 διπλασίαν

67 1234 133 1321 τὴν
144 1232 300 1323 πατρῴαν
310 1229 415 1319 ἀρχὴν
425 1232 533 1319 μόνον
542 1232 687 1320 ποιήσοι,
696 1239 950 1302 πολλαπλασίαν
960 1231 998 1301 δέ
1009 1230 1071 1300 όν-
1088 1241 1140 1296 333

52 1325 55 1330 ’
69 1356 150 1411 τως·
171 1333 304 1415 ἕτοιμον
317 1329 380 1416 γὰρ
393 1328 478 1398 εἰναι
489 1331 620 1398 τούτων
636 1335 829 1418 γενομένων
843 1329 930 1399 πολι)
941 1337 1071 1417 μᾶλλον

69 1429 306 1499 δουλωσασθαι
317 1434 572 1516 Καρχηδονίους
582 1436 640 1516 τῆς
652 1432 706 1498 ἐπὶ
716 1433 869 1511 Γέλωνος
884 1427 999 1512 αὐτοῖς
1010 1456 1069 1516 γε-

65 1531 208 1615 νομένης
220 1533 384 1615 δουλείας,
395 1525 471 1596 ἀλλ’
485 1526 547 1614 οάχ
559 1527 672 1613 τόσπερ
684 1535 750 1598 νῦν
761 1527 962 1599 τούναντίον
973 1527 991 1597 ὁ
1004 1556 1071 1598 πα-

66 1626 131 1716 τὴρ
144 1626 252 1696 αὐτοῦ
263 1627 375 1714 ῳόρον
386 1629 521 1708 ἐτάξατο
534 1631 652 1715 φέρειν
663 1641 732 1706 τοῖς
743 1629 936 1716 βαρβάροις.
964 1636 1071 1698 ταῦτα

66 1721 112 1812 ἦν
123 1724 164 1793 τά
174 1727 340 1813 λεγόμενα
349 1727 406 1793 καὶ
416 1726 713 1813 παρακελευόμενα
723 1722 787 1812 ὑφ’
801 1723 897 1813 ἡμῶν
910 1733 979 1794 των
996 1731 1070 1794 ἐπι-
1097 1772 1101 1785 ·

66 1824 306 1913 βουλευόντων
316 1830 503 1913 Διονυσίῳ,
515 1821 560 1902 ἀς
571 1821 784 1907 πολλαχόθεν
795 1824 945 1911 ἐχώρουν
957 1828 992 1893 οἰ
999 1850 1070 1893 τοι-

68 1930 163 1991 οῦτοι
175 1922 282 2009 λόγοι,
294 1927 327 1989 οἳ
337 1919 380 2007 δὴ
393 1925 449 1990 καὶ
460 1921 685 2008 κρατήσαντες
703 1918 793 2007 παρὰ
811 1928 983 2014 Διονυσίῳ
1001 1924 1071 2004 ἐξέ-

11 2025 13 2039 ’
67 2029 173 2109 βαλον
184 2021 246 2107 μὲν
257 2025 386 2106 Δίωνα,
398 2016 484 2104 ἡμᾶς
494 2015 527 2085 δ’
548 2023 594 2097 εἰς
613 2019 725 2105 φόβου
743 2021 942 2106 κατέβαλον·
964 2018 1065 2087 ίναδ’
1085 2031 1106 2081 Β

66 2118 304 2205 ἐκπεράνωμεν
322 2113 386 2184 οὐκ
405 2113 503 2202 ὀλίγα
513 2115 689 2203 πράγματα
701 2114 763 2200 [τά]
781 2119 818 2184 ἐν
836 2115 938 2208 ὀλίγῳ
949 2117 1071 2207 χρόνῳ,

68 2215 183 2284 ἐλθεὸν
202 2217 239 2282 ἐκ
255 2214 521 2300 Πελοποννήσου
539 2217 595 2281 καί
613 2214 768 2299 Ἀθηνῶν
779 2220 882 2284 Δίων
904 2221 990 2306 ἔργῳ
1011 2213 1072 2284 τὸν

67 2314 505 2404 Διονόσιονὲνουθέτησεν.
535 2309 650 2398 ἐπειδὴ
669 2309 701 2379 δ’
723 2305 788 2380 οὖν
805 2311 1023 2402 ἠλευθέρωσε(
1036 2339 1071 2382 τε

66 2414 125 2478 καί
137 2407 308 2478 ἀπέδωκεν
319 2409 434 2492 αὐτοῖς
445 2413 496 2491 δίς
507 2408 571 2498 τὴν
588 2409 699 2497 πόλιν,
720 2406 845 2478 ταύτὸν
854 2407 939 2499 πρός
953 2417 1072 2480 Δίωνα

68 2505 280 2594 Συρακόσιοι
296 2509 370 2577 τότε
387 2514 530 2596 ἔπαθον,
549 2506 632 2596 ὅπερ
647 2509 703 2576 καί
718 2507 916 2596 Διονύσιος,
934 2505 990 2578 ὅτε
1008 2506 1072 2578 αό-

69 2606 131 2676 τόν
151 2607 312 2693 ἐπεχείρει
329 2607 511 2688 παιδεύσας
528 2611 584 2675 καί
600 2610 730 2696 θρέψας
745 2612 884 2697 βασιλέα
894 2615 952 2693 τῆς
970 2606 1073 2693 ἀρχῆς

70 2706 165 2788 ἀξιον
182 2702 273 2772 οὕτω
291 2717 468 2772 κοινωνεῖν
482 2703 573 2793 αάτῳ
587 2713 650 2773 τοῦ
666 2713 743 2794 βίου
761 2703 929 2790 παντός,ὁ
949 2705 986 2770 δὲ
1003 2717 1073 2782 τοῖς
1163 2766 1167 2774 .

70 2805 289 2895 διαβάλλουσι
301 2805 356 2870 καὶ
367 2803 535 2889 λέγουσιν,
547 2800 591 2882 ὡς
603 2803 834 2890 ἐπιβουλεύων
845 2809 885 2891 τῇ
896 2807 1071 2890 τυραννίδι
1090 2816 1109 2868 c

70 2911 165 2973 Δίων
179 2902 318 2990 πράττοι
329 2901 440 2973 πάντα
451 2895 515 2967 όσα
522 2904 681 2987 ἔπραττεν
693 2902 731 2968 ἐν
742 2906 788 2990 τῷ
799 2897 874 2968 τότε
883 2902 1005 2992 χρόνῳ,
1016 2905 1072 2969 ἵνα

71 3000 88 3070 ὁ
111 3000 173 3088 μὲν
189 3005 324 3090 παιδεία
340 2997 382 3085 δὴ
404 2996 465 3068 τὸν
484 3003 571 3066 νοῦν
582 2998 741 3083 κηληθεὶς
762 2994 880 3085 ἀμελοί
894 3006 952 3086 της
969 2996 1072 3089 ἀρχῆς

70 3101 248 3188 ἐπιτρέψας
260 3102 387 3194 ἐκείνῳ,
403 3095 422 3167 ὁ
436 3098 474 3167 δὲ
490 3102 719 3188 σφετερίσαιτο
736 3099 793 3166 καὶ
809 3098 998 3168 Διονύσιον
1014 3101 1071 3167 ἐκ·
1111 3115 1116 3133 ·

70 3199 168 3287 βάλοι
180 3199 216 3267 ἐκ
228 3205 286 3285 τῆς
298 3195 400 3286 ἀρχῆς
411 3197 510 3291 δόλῳ.
532 3203 638 3267 ταῦτα
648 3199 723 3266 τότε
734 3198 864 3287 ἐνίκησε
874 3201 929 3267 καί
941 3196 978 3266 τὸ
991 3200 1072 3266 δεό-

70 3321 169 3384 τερον
181 3297 217 3363 ἐν
227 3302 452 3385 Συρακοσίοις
469 3299 644 3388 λεγόμενα,
659 3299 715 3368 καὶ
725 3299 814 3389 μάλα
829 3297 943 3389 ἀτόπῳ
962 3325 997 3367 τε
1015 3301 1071 3368 καί

71 3399 192 3485 αἰσχρᾷ
212 3401 290 3484 νίκη
310 3410 379 3477 τοῖς
398 3403 456 3484 τῆς
475 3402 570 3487 νίκης
589 3405 717 3485 αἰτίοις.
739 3395 814 3481 οἷον
838 3397 907 3487 ηἶιρ
927 3401 1112 3485 ηὲηονὶθτ,
