2408 3764
117 178 192 272 ιοε
450 171 786 259 υπιυυοιιειιγ.

62 409 65 417 ,
133 338 359 464 ἀρολίγιστον
375 336 562 426 γένηται
526 364 565 406 το
581 336 798 428 ἀνάλωμα,δ
801 337 875 409 Ι”“δ
854 368 898 410 αν
914 368 960 430 μη
947 342 1139 438 δόνωμαι,

64 453 118 508 362
134 440 200 534 σὴν
211 437 342 510 εἶναι
297 464 370 532 την
381 440 545 560 δριπάυην.

222 539 268 607 Τὸ
283 524 325 626 δὴ
337 535 419 643 μετά
429 545 534 606 ταῦτα
545 541 630 624 λέγω
644 541 800 661 περὶτῶν
818 545 889 607 σάν
902 533 949 608 αό
959 543 1141 630 χρημάτων

117 690 121 695 ·
134 665 203 709 των
221 636 382 725 Ἀθήνησι
393 644 452 726 τῆς
462 636 703 726 ἀναλάσεως,”
682 663 734 707 οτι
747 642 882 728 πρῶτον
892 640 955 728 μὲν
967 641 1027 709 ἐάν
1036 668 1071 711 τι
1080 647 1141 733 δέη

134 736 191 823 ἐμὲ
202 733 396 806 ἀναλίσκειν
407 742 454 817 είς
463 735 664 824 χορηγίαν”
640 764 663 824 η
681 762 713 805 τι
728 760 897 827 ποιοντον,
913 736 979 807 οὐκ
995 744 1141 812 ἔστιτσοι

120 837 228 917 Ιξόνος
239 833 351 916 οὐδεὶς
361 833 454 916 ὅστις
466 836 580 923 δόσει,
589 832 800 927 ἀςράόμεδα,
816 839 889 904 ἐπεὶ
903 836 1020 906 καίάν
1036 864 1069 907 τι
1084 845 1141 908 ’σοί

134 933 226 1003 αάτοί
202 937 382 1026 ’διαφέρη
393 937 487 1022 μέγα,
501 933 587 1002 ὥστε
597 932 756 1004 ἀναλωδέ
740 934 779 1004 ἐν
789 937 851 1024 μδν
860 936 927 1041 ἤδη
945 934 1075 1059 όνῆσομ,
1092 938 1140 1024 μὴ

127 1031 314 1112 ἀναλωθὲν
335 1033 373 1102 δὲ
393 1031 469 1101 ἀλλ’.
494 1035 729 1156 ἐγχρονισδέν,
744 1033 852 1116 ἔας’
829 1062 883 1104 αν·
895 1061 959 1116 τις
965 1033 1055 1123 παρὰ
1074 1043 1140 1104 σου

119 1137 229 1221 ἔλθη,
241 1135 379 1220 βλάψαι,
391 1157 516 1222 προς
484 1157 530 1201 τω
517 1138 677 1224 χαλεπῷ
694 1131 731 1202 τό
751 1136 910 1204 τοιοῦτόν
927 1143 983 1204 σοί
968 1139 1067 1204 ίέστι
1082 1139 1140 1204 καὶ

96 1244 118 1296 Β
133 1258 155 1300 α
156 1232 282 1321 ίσχρόν.
305 1228 421 1350 ἐγώ
382 1256 446 1319 γαρ
458 1229 514 1318 δὴ
511 1232 616 1300 ταῦτά
626 1258 666 1318 γε
677 1232 831 1356 ἐξήτασα,
840 1259 907 1357 παρ
909 1232 1140 1323 ’Ἀνδρομήδη

134 1329 252 1398 τόνΑί
251 1329 392 1415 γινητην
413 1327 573 1416 πέμψαί”
566 1339 732 1419 Εραστον,
750 1330 831 1421 παρ’
853 1358 896 1401 ου
883 1325 1064 1412 ἐκέλευες
1078 1338 1142 1401 τοό

117 1424 300 1514 ,ὑμετέρου
318 1428 428 1514 ξένον,
446 1435 482 1495 εί
499 1428 531 1496 τι
548 1432 697 1516 δεοίμην,
715 1429 910 1517 λαμβάνειν,
921 1427 1142 1517 βουλόμενος

133 1522 288 1592 καὶ-ἀλλα
298 1530 434 1612 μείζονα
444 1521 467 1592 όί
479 1528 670 1617 ἐπέστελλες
681 1531 832 1614 πέμπειν.
844 1526 863 1597 ὁ
876 1528 913 1597 δὲ
924 1525 1016 1597 εἶπεν
1028 1525 1142 1594 εἰκότα

117 1676 120 1681 -
134 1624 191 1691 καὶ
213 1622 429 1712 ἀνθρώπινα,
453 1621 505 1692 ότι
526 1627 582 1693 καί
599 1625 765 1714 πρότερον
777 1625 1024 1717 ’ἀναλόσαςτῷ
1041 1631 1145 1710 ’πατρί

136 1745 200 1791 σου
211 1722 306 1810 μόλις
317 1729 500 1812 κομίσαιτο,
512 1727 568 1793 καὶ
579 1732 646 1793 νῦν
656 1725 780 1816 σμικρά
791 1726 854 1814 μὲν
872 1732 946 1815 δοίη
966 1729 1141 1814 ἀν,·πλείω

136 1818 240 1890 δδοά.
263 1819 358 1889 ὀὕτω
380 1820 422 1908 δὴ
442 1821 532 1911 παρὰ
551 1831 720 1892 Λεπτίνου
741 1829 959 1914 ἔλαβον·τκαί
978 1824 1142 1910 τοῦτό-γε

117 1976 120 1981 .
137 1918 231 2002 ἀξιον
245 1922 414 1989 ἐπαινέσαι
426 1928 606 2010 Λεπτίνην,
619 1920 682 2009 οόχ
692 1921 745 1991 ὅτι
755 1929 893 2012 ἔδωκεν,Ι
904 1921 979 1992 ἀλλ’
993 1921 1045 1991 ότι
1056 1946 1141 2007 προ-

103 2019 271 2106 ῦδόμως,
283 2022 339 2088 καί
350 2018 391 2088 τά
401 2017 486 2089 ἀλλα
496 2023 573 2111 περὶ
584 2020 621 2089 σέ
635 2022 691 2089 καὶ
702 2023 810 2106 λέγων
827 2023 884 2090 καὶ
901 2019 1068 2109 πράττων,
1080 2018 1100 2088 ό
1110 2044 1141 2087 τι

136 2113 208 2199 οἷός
225 2116 265 2186 τ’·
277 2111 320 2206 ἦν
336 2121 535 2208 ἐπιτήδειος,
557 2119 705 2208 φανερός
721 2112 790 2206 ἦν·
805 2118 956 2208 χρὴγάρ
969 2119 1010 2207 δὴ
1029 2121 1084 2188 καί
1101 2116 1142 2186 τά

122 2224 276 2287 Ι’τοιαῦτα
294 2221 357 2286 καί·
369 2216 531 2288 τάναντία
548 2220 679 2287 τούτων
697 2216 762 2304 ἐμὲ·
776 2220 1008 2304 ἀπαγγέλλειν,
1026 2215 1143 2296 ὃποίός

138 2340 188 2394 τις
199 2312 242 2383 ἀν
253 2319 390 2399 ἕκαστος
402 2321 476 2406 ἐμοὶ
487 2324 645 2406 φαίνηται
657 2319 733 2402 περὶ
744 2317 791 2383 σέ.
814 2315 852 2383 τό
865 2314 898 2383 δ’
912 2309 977 2385 οόν
988 2319 1142 2407 περὶτῶν

137 2413 316 2500 χρημάτων
327 2415 393 2502 ἐγοό
406 2435 460 2485 σοι
471 2413 739 2504 παρρησιάσομαι
747 2416 758 2454 ·’
778 2417 910 2481 δίκαιον
920 2413 996 2502 γάρ,
1008 2415 1065 2483 καὶ
1075 2413 1143 2500 ἀμα

137 2515 301 2601 ἐμπείρως
311 2518 397 2600 ἔχων
411 2520 480 2582 ταῖν
491 2515 581 2600 παρά
594 2513 647 2579 σοὶ
663 2508 792 2599 λέγοιμ’
811 2509 865 2579 ἀν.
884 2516 920 2581 οί
933 2516 1143 2601 προσαγγέλ-

137 2621 254 2692 λοντες
264 2611 421 2681 ἑκάστοτέ
429 2632 494 2698 σοι,
508 2610 528 2678 ὅ
541 2635 573 2678 τι
584 2607 628 2678 ἀν
640 2619 777 2681 οίωνται
794 2609 955 2701 ἀνάλωμα
971 2612 1142 2693 εἰσαγγέλ-

137 2718 222 2798 λειν,
229 2710 294 2779 οόκ
305 2714 463 2779 ἐθέλουσι
473 2713 746 2801 προσαγγέλλειν,
754 2709 799 2794 ἀς
809 2712 853 2800 δὴ
861 2707 1139 2798 ἀπεχθησόμενοι·

97 2820 118 2872 D
138 2813 229 2891 ἐδιξε
251 2803 315 2878 οόν
337 2805 464 2888 αὐτοὺς
483 2809 539 2875 καὶ
557 2806 721 2895 ἀνάγκαζε
738 2812 878 2900 φράζειν
894 2810 1068 2875 καὶταῦτα
1085 2811 1143 2874 καὶ

137 2907 179 2977 τά
195 2906 294 2977 ἀλλα·
317 2906 355 2973 σέ
371 2904 436 2993 γάρ
455 2909 509 2974 δεί
526 2909 648 2976 εἰδέναι
663 2936 699 2978 τε
715 2910 756 2978 τά
773 2909 882 2978 πάντα
899 2904 984 2974 κατά
994 2905 1142 2993 δύναμιν

138 3011 195 3076 καί
205 3001 322 3091 κριτὴν
334 3000 419 3070 εἶναι
431 3007 486 3073 καὶ
498 3004 542 3095 μη
555 3008 698 3095 φεύγειν
708 3008 746 3077 τό
765 3010 898 3075 εἰδέναι.
923 3007 1059 3074 πάντων
1077 3005 1141 3096 γάρ

118 3158 120 3163 .
139 3103 279 3190 ἀριστόν
297 3120 351 3169 σοι
363 3104 454 3172 ἐσται
472 3107 557 3196 πρὸς
572 3135 648 3196 την
652 3106 776 3195 ἀρχην
798 3105 840 3173 τά
858 3103 923 3195 γάρ
940 3103 1143 3228 ἀναλώματα

137 3200 253 3322 ὀρθῶς
270 3198 517 3292 ἀναλισκόμενα
539 3209 595 3276 καί
615 3205 731 3294 όρδιός
753 3204 983 3295 ἀποδιδόμενα
1004 3207 1089 3295 πρός
1106 3234 1142 3275 τε

137 3293 241 3368 τάλλα
252 3302 308 3370 καὶ
318 3300 402 3391 πρός
416 3303 524 3394 αὐτὴν
534 3332 597 3395 την
607 3314 677 3375 τάν
693 3308 871 3398 χρημάτων
888 3316 1006 3395 κτησιν
1022 3310 1079 3375 καὶ
1097 3305 1141 3374 σά

133 3397 236 3484 δη
188 3429 259 3493 φηγ
268 3402 403 3493 ἀγαθόν
422 3404 576 3476 εἶναικαὶ
592 3408 720 3496 φήσεις.
744 3434 866 3496 μηουν
884 3426 922 3475 σε
937 3405 1141 3495 διαβαλλόν-
