2408 3764
481 181 708 236 PRAEFATIO.
1089 210 1092 214 ·
1119 194 1136 230 v

67 332 101 386 ut,
112 339 162 374 non
178 336 276 389 eorum,
296 329 439 386 quactum,
457 321 504 370 sed
518 333 583 383 quae
600 321 727 382 posteriue
740 318 790 369 Dio
807 318 898 385 genuit,
917 333 996 369 canu
1012 320 1039 369 irr
1053 321 1138 384 primo

66 394 178 444 Pictoris
195 394 286 442 itinere
305 393 389 457 posite
404 397 471 449 ernt3
494 404 542 438 nec
564 386 716 451 simpliciter
734 389 873 448 adventus,
892 389 938 438 red
955 391 1073 453 superior
1091 391 1138 440 ed-

65 472 156 514 ventus
174 469 314 528 spectatur.
326 488 363 500 --
375 461 403 510 Ρ.
421 459 472 511 327
490 457 510 508 G
525 446 615 507 edroi
631 470 677 520 pro
695 447 786 506 αὑτοῦ
800 453 866 523 βίον
884 472 935 507 uon
950 457 1014 508 VBS
1029 466 1137 520 tuntum,

65 533 207 582 sedetiam
228 531 329 580 codices
345 531 422 596 longe
440 527 546 593 plurimi
560 525 744 591 praebuerunt;
769 542 795 592 p.
816 525 867 578 328
883 525 902 576 C
919 535 1003 577 autem
1023 527 1093 591 quod
1110 529 1138 578 in

65 601 139 651 libris
161 609 200 650 eet
224 592 308 664 λόγος
332 614 383 650 nou
402 598 521 660 equidem
546 607 604 642 oum
616 592 693 656 vus.
713 596 740 642 iu
755 587 843 662 λόγῳ,
869 603 979 646 attamen
999 597 1025 645 in
1043 587 1139 679 λάροις

65 670 217 720 mutandum
233 670 334 733 censui,
351 669 411 730 quie
427 666 505 713 nimir
521 663 646 710 obsonum
661 660 791 713 videbatur
806 665 935 714 hominem
951 668 1036 730 ipsum
1052 665 1138 730 λογον

65 730 131 787 τινὰ
157 739 226 804 dici,
247 753 330 800 neque
352 736 500 801 oppositum
524 722 607 792 ἔργον
627 717 822 791 ἀνθάψασθαι
845 735 930 784 verbio
953 735 1035 784 alium
1052 734 1139 786 locum

66 809 234 868 concedebat,
253 821 330 870 quem
347 818 400 866 quo
417 802 495 849 homo
510 798 563 847 iliis
581 804 695 846 uteretur
705 796 747 846 vel
764 800 910 863 excelleret;
930 799 973 862 τὶς
992 805 1061 853 enim
1078 818 1138 855 curn

66 877 184 941 emph'nri
194 877 247 925 dici
256 875 385 934 neminem
399 869 489 931 fugiet,
500 874 528 916 ut
535 866 599 931 λιες.
610 866 654 914 lv.
670 867 700 915 7:
712 858 762 914 καλ
774 867 887 925 πολλοῖς
901 867 976 921 τισίν
990 866 1089 933 ἔδοξεν
1098 864 1139 923 ιῖ-

66 960 115 994 ναι
133 943 193 1007 τίς,
211 945 301 1005 Eurip.
317 941 371 987 Ion.
392 935 457 1000 593,
478 935 602 987 Heraclid.
619 932 671 984 973
690 942 739 987 etc.
754 960 791 972 -
807 933 835 984 P.
852 934 902 986 329
920 941 943 988 A
961 939 1070 991 πολλοῦ
1087 936 1138 991 καί

66 1005 164 1077 δεήσει
181 1015 217 1071 P,
236 1003 345 1057 πολλοῦ
362 1018 392 1069 γε
410 1001 459 1055 καί
479 996 572 1069 δεήσει
596 1001 695 1062 VBST;
718 1012 745 1053 at
764 1003 856 1052 abesse
869 1019 972 1082 ‘quoqne
989 1012 1138 1072 perticulam

65 1096 147 1148 posse
173 1081 248 1128 docet
271 1074 397 1124 Theaetet.
418 1091 440 1125 c.
457 1075 498 1126 27.
516 1101 552 1113 -
574 1073 602 1122 P.
620 1070 673 1124 329
689 1072 709 1122 C
726 1063 837 1122 τούτων
855 1086 894 1128 ως
914 1065 1028 1124 πάντων
1045 1079 1079 1140 Ρ,
1099 1070 1138 1136 ὥς

66 1141 181 1198 τούτων
197 1134 333 1193 ἁπάντων
351 1143 443 1194 VBST.
469 1170 506 1184 --
528 1143 557 1193 P.
576 1141 628 1193 330
647 1140 666 1191 G
685 1134 754 1205 λέγω
773 1133 810 1205 δὴ
828 1133 897 1190 τάδε
915 1131 970 1207 ἐγώ
989 1177 997 1190 .
1015 1177 1022 1190 .
1042 1139 1139 1210 ,πρὸς

57 1209 186 1279 ’ὑγιείαν
200 1202 244 1262 ὅτι
260 1204 313 1277 χρὴ
335 1213 371 1273 Η,
385 1204 457 1277 πρὸς
476 1203 588 1277 ὑγιείαν
605 1199 674 1261 ἄλλο
694 1226 723 1259 τι
738 1203 792 1276 χρὴ
812 1210 896 1262 VBST
914 1225 971 1261 oum
989 1212 1075 1279 libris,
1095 1216 1140 1265 sed

68 1290 196 1333 structure
220 1295 323 1347 prorsus
352 1283 503 1332 inconcinne
528 1289 554 1331 et
580 1283 684 1344 scabre,
715 1282 867 1347 praesertim
895 1295 973 1343 quom
998 1296 1141 1346 pronomen

72 1342 125 1416 ἐμοὶ
144 1351 175 1400 eb
197 1351 352 1400 antecedenti
368 1344 436 1415 λέγω
452 1351 582 1400 revulsum
600 1351 627 1399 in
644 1351 705 1401 novi
723 1351 831 1400 membri
846 1351 974 1415 principio
990 1353 1138 1416 posuerintr

69 1436 120 1484 quo
138 1421 254 1482 equidem
267 1421 381 1484 sejuncto
393 1420 492 1483 relique
509 1427 631 1483 qnantum
643 1433 746 1484 possem
760 1421 867 1470 minime
879 1420 1018 1470 mutatione
1030 1423 1063 1471 ad
1080 1436 1139 1474 erm

31 1526 37 1539 .
66 1491 217 1540 sententiam
234 1490 337 1554 redegi,
354 1504 430 1553 quem
444 1491 498 1555 jam
509 1490 613 1538 Fioinus
630 1489 818 1553 interpretando
825 1490 975 1554 ‘expressitr
994 1502 1055 1541 reor
1070 1494 1139 1558 equi·

66 1560 129 1623 dom,
147 1558 264 1608 bondoem
280 1561 446 1610 concidentem
460 1566 587 1623 aeproto.
608 1592 614 1606 .
633 1591 640 1606 .
659 1561 772 1620 inprimrb
795 1557 842 1608 boc
858 1559 969 1608 euadere
987 1560 1089 1621 debere,
1109 1571 1138 1613 αι

65 1628 164 1679 uiuendi
183 1628 279 1678 modum
300 1635 377 1678 mutet
394 1636 443 1678 etc.
468 1654 505 1667 -
527 1629 555 1679 P.
574 1625 624 1679 331
644 1626 665 1675 D
683 1623 734 1692 ζῇν
749 1618 800 1690 μὲν
814 1618 847 1676 τὸ
866 1627 902 1693 Η,
921 1624 973 1692 ζῇν
990 1622 1087 1692 μέντοι
1102 1623 1136 1682 τὸ

65 1696 166 1757 VBST;
183 1705 208 1746 at
226 1687 259 1744 τὸ
279 1696 366 1747 oPcr.
382 1697 491 1758 aliisque
509 1697 596 1747 multis
617 1697 702 1759 obest,
727 1711 777 1757 quo
800 1711 877 1759 quum
902 1712 979 1762 aegre
995 1713 1136 1762 careamus,

65 1767 146 1816 nutius
167 1767 252 1816 vicum
276 1774 315 1815 est
340 1767 503 1827 corrodere,
528 1773 556 1815 ut
578 1757 629 1830 μὲν
651 1764 760 1815 inferius
784 1767 965 1830 respondentia
981 1769 1031 1818 sibi
1045 1770 1138 1821 hebeat

65 1830 222 1898 πορευθείς
240 1825 273 1884 δὲ
287 1825 326 1892 οἱς
343 1828 459 1900 λέγομεν
473 1850 500 1885 κ.
516 1848 541 1883 ι.
560 1834 585 1884 λ.
613 1861 650 1874 -
674 1835 703 1886 Ρ.
722 1834 774 1885 332
790 1833 809 1884 G
826 1827 905 1900 παρὰ
922 1832 975 1885 τοῦ
990 1830 1134 1903 πατρδςΡ

66 1912 91 1953 et
108 1904 143 1964 B,
163 1895 242 1968 παρὰ
259 1895 366 1968 πατρὸς
384 1904 465 1967 vsi,
491 1906 576 1954 minue
602 1903 748 1958 commode.
769 1905 829 1967 quie
850 1919 900 1954 non
913 1913 987 1970 pater
1002 1923 1053 1969 que
1068 1909 1136 1970 talin,

65 1973 111 2022 red
125 1981 221 2023 certum
236 1973 348 2024 hominis
366 1975 496 2039 ingenium
514 1973 655 2039 respicitur.
680 1999 717 2010 -
739 1973 769 2026 P.
789 1971 840 2024 333
861 1975 882 2024 Β
905 1966 1013 2024 criente
1029 1967 1060 2025 ἐν
1078 1967 1137 2025 ὀλί-

65 2056 119 2108 γῳ,
140 2044 200 2104 quie
224 2045 347 2109 temporie
365 2045 461 2094 notatio
477 2045 511 2094 ud
527 2033 724 2106 ἐκπεράνωμεν
740 2044 826 2107 potius
842 2058 918 2106 qnam
934 2044 967 2092 ud
987 2037 1137 2108 πράγματα

65 2113 190 2175 pertinet,
217 2113 421 2177 circumscripei;
449 2112 522 2162 Plato
546 2113 670 2162 festinans
693 2113 859 2177 gravissimas
879 2127 920 2162 res
940 2113 1030 2175 paneis
1052 2115 1137 2162 verbis

65 2181 226 2247 perstringit.
240 2208 277 2220 --
290 2182 319 2236 P.
338 2181 389 2233 335
406 2182 426 2230 Β
441 2173 554 2246 ἡδονὴν
572 2181 685 2245 ποριεῖν
700 2181 720 2230 Ρ
735 2189 760 2230 et
776 2182 811 2244 Β,
832 2170 977 2244 ἐκποριεῖν
988 2178 1061 2240 VST‚
1077 2196 1137 2247 pro·

65 2250 165 2299 miscuo
183 2264 241 2311 usu,
260 2257 288 2298 ut
305 2250 382 2316 Gorg.
395 2267 418 2304 ο.
430 2251 479 2313 78,
499 2266 575 2313 quem
589 2251 645 2300 solu
658 2250 734 2302 codd.
754 2250 891 2299 auctoritas
908 2249 1047 2306 discernam
1066 2250 1137 2301 dein-

65 2332 125 2382 ceps
142 2333 202 2367 vero
220 2308 456 2381 τούμπίπλασθαι
474 2320 495 2369 Η
513 2318 555 2370 vei
571 2326 657 2369 contre
674 2319 766 2378 libros,
786 2332 892 2380 quorum
910 2317 1014 2382 plurimi
1030 2320 1136 2384 ipseque

64 2377 188 2447 Perupri
211 2384 393 2448 πίμπλασθαι
415 2388 523 2449 habent3
549 2390 628 2438 iidem
648 2395 735 2438 temen
749 2402 800 2436 non
817 2395 846 2436 ut
863 2385 949 2437 VBST
966 2385 1006 2454 τῷ
1021 2389 1066 2438 sed
1084 2385 1137 2438 τοῦ

63 2446 105 2519 μὴ
127 2449 310 2512 πίμπλασθαι
328 2456 436 2506 offerunt
447 2457 541 2520 aliique
559 2459 644 2523 ipsum
653 2449 692 2522 μὴ
712 2458 844 2516 omittunt,
862 2457 931 2506 uude
948 2471 1031 2505 meum
1049 2457 1136 2508 lectio-

63 2536 127 2572 nem
147 2533 177 2567 eo
192 2519 311 2568 fidentius
327 2524 471 2589 exscripsi,
497 2542 547 2588 quo
573 2526 677 2590 saepius
696 2517 913 2590 ἐμπίμπλασθαι
930 2524 971 2575 vel
991 2527 1095 2590 optimis
1109 2527 1136 2573 in

66 2588 205 2642 codicibus
224 2594 322 2636 exstare
340 2598 434 2640 certum
452 2602 499 2647 eet.
536 2595 698 2645 Libidinosus
717 2596 843 2656 quomodo
863 2593 926 2642 iliud
944 2593 1061 2654 ampiecti
1076 2605 1137 2654 por-

66 2669 121 2719 oet,
147 2671 197 2720 quo
222 2654 354 2718 cupidineo
378 2671 437 2708 suus
454 2676 506 2710 non
523 2666 642 2713 satiatum
657 2665 689 2712 iri
707 2665 797 2721 sciret,
817 2661 857 2709 vel
872 2675 938 2721 quoe
955 2659 1073 2717 voluptas
1086 2672 1137 2706 non

68 2727 197 2793 explenda
213 2723 335 2788 cupidine
349 2735 488 2786 crearetur,
512 2745 649 2793 numquam
667 2731 796 2791 intellexi;
816 2743 863 2776 nec
879 2723 1061 2772 Schneiderum
1079 2738 1137 2788 pro.

67 2799 144 2848 basse
163 2796 218 2859 jam
241 2794 324 2859 ipsius
349 2792 424 2841 lectio
450 2791 502 2842 τοῦ
526 2795 708 2860 πίμπλασθαι
725 2800 814 2850 docet3
835 2793 886 2838 hoc
902 2789 969 2837 enim
986 2789 1071 2852 ipsum
1091 2799 1137 2853 ert,

69 2867 139 2928 quod
156 2865 325 2928 voluptuosus
348 2862 399 2911 sibi
411 2856 487 2925 περὶ
507 2855 561 2925 τὴν
580 2854 796 2930 ἀνδραποδώδη
810 2847 922 2921 ἡδονὴν
939 2854 1065 2921 πορίζειν
1083 2871 1137 2912 otn-

71 2936 127 2995 det3
146 2935 197 2984 uisi
216 2934 285 2995 quod
303 2932 473 2997 compositum
491 2931 553 2981 huic
567 2936 706 2983 sententiae
724 2928 820 2992 pariter
837 2942 867 2976 ac
882 2927 1004 2978 librorum
1019 2933 1138 2999 vestigiis

68 3005 154 3068 magis
171 3003 305 3053 convenire
324 3003 442 3052 arbitror.
467 3028 504 3041 ·-
524 3002 553 3054 P.
574 2999 624 3051 335
640 3001 660 3048 E
681 2988 728 3046 ini
746 2986 778 3046 cri
799 3008 857 3048 ente
871 2989 1059 3064 Συρακούσας
1076 3017 1136 3051 ane-

70 3072 190 3123 coiuthon
206 3072 307 3122 efficere
324 3072 430 3136 planum
443 3080 494 3132 est;
513 3073 541 3124 id
556 3085 615 3120 vero
633 3068 684 3119 nin
700 3069 818 3133 scriptori
827 3070 920 3129 tribuo,
939 3069 981 3131 qui
1000 3073 1060 3134 quid
1075 3087 1135 3136 pro·

68 3142 140 3192 xime
158 3143 231 3203 sequi
248 3141 341 3201 veliet,
364 3142 443 3206 probe
467 3149 568 3201 nosset,
591 3140 638 3191 sed
657 3138 775 3199 librario,
799 3141 842 3202 qni
857 3139 1067 3206 praecedentibus
1082 3130 1135 3190 οὐκ

69 3200 108 3260 ἄν
124 3222 193 3258 ποτε
209 3199 255 3256 ἐπ’
274 3195 342 3258 ἄλλο
360 3223 391 3274 με
409 3208 503 3275 σχῆμα
521 3211 703 3275 eandem-prae
723 3210 856 3260 ositionem
874 3212 1028 3275 respondere
1044 3212 1137 3262 debere

70 3280 239 3336 existimarem
258 3280 343 3341 itaque
362 3282 561 3348 circumscripsi.
587 3310 624 3320 —
643 3281 672 3330 P.
722 3279 774 3331 6Β
793 3272 1012 3345 πικρότατονΗ,
1029 3271 1123 3344 παρ’

67 3360 155 3398 κακον
175 3345 273 3406 VBST;
292 3356 318 3397 et
336 3348 369 3401 ci.
390 3351 453 3414 Leg.
474 3352 498 3401 ΙΙ
515 3360 579 3406 extr.
592 3379 629 3391 -
645 3351 672 3400 P.
689 3348 773 3400 3330
791 3341 959 3415 γιγνόμενον
978 3365 1029 3413 uro
1045 3286 1144 3528 ouri

68 3429 142 3482 μονα
159 3417 319 3466 scribendum
336 3433 393 3469 esse
415 3417 560 3486 Stephanus
577 3420 721 3486 intenuit,
739 3435 792 3474 nec
802 3419 1122 3476 iudicendioue'xmuru,
