2408 3764
451 154 683 222 mom
819 109 821 114 ’
1015 159 1078 232 14⁸

64 318 218 404 ἄφθονοι
235 307 342 404 μὲν
314 342 399 402 ωραι
414 316 616 401 παγκάρπων
632 324 734 403 γονεῖς
750 262 905 404 βρύουσι,
923 325 1024 406 πηγαὶ
1041 327 1079 391 δὲ

64 415 370 501 ύδάτωυκαθαρῶν
380 415 1077 500 ῥέουσι,παντοίοιδὲλειμῶνεςάνθεσιποι-

64 521 169 593 κίλοις
186 512 398 598 ἐαριζόμενοι,
422 513 588 598 διατριβαὶ
606 509 642 578 δ
659 510 857 597 φιλοσόφων
874 518 929 585 καὶ
949 519 1077 601 θέατρα

65 618 213 697 ποιητῶν
223 613 279 679 καὶ
289 611 422 681 κάκλιοι
431 611 525 696 χοροί
535 611 590 676 καὶ
606 607 750 698 μουσικά
767 606 972 701 ἀκούσματα,
990 631 1117 702 συμ-Ι)

65 710 168 780 πόσιά
179 735 214 778 τε
225 707 346 796 εὐμελῆ
356 713 412 778 καλ
423 713 588 778 εἰλαπίναι
600 706 868 796 αύτοχορήγητοι,
881 717 936 782 καλ
946 713 1077 803 ἀκήρα-

64 835 120 889 τος
130 809 255 877 ἀλυπία
263 809 318 875 καί
328 805 421 894 ’ἡδεῖα
430 811 552 874 δίαιτα·
567 803 644 872 οὔτε
654 804 719 891 γάρ
730 820 825 892 χεῖμα
835 809 988 894 σφοδρόν
999 813 1077 883 ούτε

64 906 196 983 θάλπος
217 907 412 989 ἐγγίγνεται,
436 899 513 969 ἀλλ’
539 900 700 986 εὔκρατος
723 901 790 989 ἀὴρ
811 917 914 988 χεῖται
936 904 1076 989 άπαλαλς

63 1000 160 1090 ἡλίου
170 999 300 1069 ἀκτῖσιν
311 998 586 1086 ἀνακιρνάμενος.
606 1003 837 1078 ίνταύθατοϊς
853 1006 1074 1088 μεμνημένοις

62 1105 134 1179 ἐστί
145 1126 193 1178 τις
205 1101 378 1183 προεδρία·
396 1101 452 1165 καὶ
469 1097 527 1176 τάς
542 1096 655 1176 ὁσίους
673 1094 840 1181 ἁγιστείας,
849 1097 980 1166 κάκεῖσε
992 1119 1075 1166 συν-

61 1205 205 1268 τελοῦσι.
220 1202 296 1273 πῶς
315 1187 380 1262 οόν
395 1192 437 1262 ού
456 1199 508 1263 σοὶ
525 1194 645 1285 πρῶτμ
661 1199 790 1280 μέτεστι
806 1202 865 1282 τῆς
881 1203 986 1282 τιμῆς,
1003 1196 1075 1264 όυτι

61 1293 207 1382 γεννητη
218 1300 287 1360 τῶν
296 1301 406 1374 θεῶνς
428 1293 572 1373 καὶτοὺς
584 1290 1070 1380 περλἩρακλεάτεκαὶΔιόνυ-
1090 1317 1110 1367 Ε

63 1413 126 1460 σον
142 1388 315 1469 κατιόντας
330 1396 376 1468 είς
390 1388 506 1457 ’Ἅιδου
516 1391 681 1477 πρότερον
692 1389 789 1476 λόγος
805 1390 928 1460 ἐνθάδε
939 1398 1076 1478 μυηθῆ-

62 1517 129 1574 ναι,
142 1490 198 1556 καλ
207 1486 245 1555 τό
259 1488 388 1571 θάρσος
401 1496 461 1582 τῆς
477 1491 582 1556 ἐκεῖσε
597 1495 733 1574 πορείας
751 1489 840 1573 παρά
856 1497 916 1577 τῆς
928 1488 1074 1559 Ἐλευσι-

62 1592 136 1664 νίας
157 1585 375 1654 ε’ναύσασθαι.
399 1584 490 1675 ὅσοις
512 1586 547 1654 δὲ
568 1583 609 1654 τό·
628 1591 688 1673 ζῇν
709 1587 764 1654 διά
786 1589 1073 1674 κακουργημάτων

61 1683 185 1772 ἠλάθη,
203 1683 340 1770 άγονται
356 1683 439 1768 πρός
458 1683 619 1771 Ἐρινύων
639 1682 690 1752 ἐπ’
709 1689 822 1770 ἔρεβος
842 1686 897 1752 καὶ
917 1685 997 1771 χάος
1018 1685 1072 1753 διά

62 1782 240 1869 ταρτάρου,
252 1788 338 1850 ἔνθα
348 1790 455 1868 χῶρος
465 1778 599 1868 ἀσεβῶν
609 1784 853 1848 καλΔαναίδων
862 1779 992 1866 ῶδρεῑαι
1003 1778 1071 1848 ἀτε-

62 1889 128 1960 λεῖς
138 1883 193 1950 καὶ
206 1882 381 1949 Ταντάλου
397 1885 493 1962 δίψος
503 1882 558 1950 καὶ
572 1886 699 1953 Τιτυοῦ,
708 1880 879 1965 σπλάγχνα
897 1883 953 1947 καὶ
964 1881 1072 1948 Σισύ-

62 2007 131 2068 φου
141 1986 258 2066 πέτρος
269 1978 445 2064 ἀνήνυτος,
465 1969 564 2046 οὖτά
582 1980 726 2064 τέρματα
742 1970 844 2056 αὖθις
861 1976 993 2064 άρχεται
1009 1976 1072 2045 πό-
1089 1996 1141 2052 372

61 2106 148 2148 νων·
170 2084 256 2146 ἔνθα
265 2078 368 2162 θηρσὶ
379 2076 655 2161 περιλιχμώμεναι
666 2077 722 2143 καὶ
731 2076 899 2160 λαμπάσιν
909 2077 1073 2162 έπιμόνως

61 2178 268 2262 πυρούμενοι
281 2179 418 2241 Ποινῶν
429 2176 486 2240 καί
496 2180 607 2241 πᾶσαν
618 2179 730 2242 αἰκίαν
740 2174 939 2258 αἰκιζόμενοι
956 2173 1073 2252 ἀϊδίοις

60 2279 231 2360 τιμωρίαις
240 2271 426 2359 τρυχδνται

148 2373 223 2436 xlv.
250 2377 360 2438 Ταῦτα
378 2373 440 2456 μὲν
456 2368 555 2456 έγῶ”
533 2388 662 2456 ηκουσα
674 2369 763 2451 παρῶ
779 2369 955 2454 Γωβρύου,
975 2366 1018 2435 σύ
1037 2367 1069 2435 δ’

61 2466 224 2560 ἀνέπικρί
222 2492 329 2551 νειας,
331 2465 459 2554 Ἀξίοχε.
472 2463 583 2554 έγῶ
545 2467 704 2587 γαρλόγρι
716 2464 964 2552 ἀνθελκόμενος
973 2475 1072 2535 τοῦτο

54 2567 170 2661 μόνον
186 2567 333 2650 ἐμπέδως
351 2562 474 2649 οἰδα,”
454 2591 506 2633 οτι
518 2563 606 2651 ψυχὴ
619 2562 730 2633 άπασα
747 2562 926 2650 ἀθάνατος,
945 2591 971 2684 η
955 2561 1020 2632 δε
1035 2567 1072 2632 έκ

47 2668 162 2733 ’τοῦδε
171 2687 233 2729 του
221 2667 368 2747 ’χωρίου
378 2672 620 2745 μετασταθεῖσα
631 2665 687 2731 καὶ
698 2662 840 2741 ἀλυπος
855 2658 971 2747 ῶστεη
982 2663 1072 2728 κάτω

61 2758 164 2848 ηάυω
177 2758 387 2847 ευδαιμουεῖν
397 2777 435 2826 σε
446 2757 549 2844 δεῐ,Ἀ
550 2763 645 2846 ξίοχε,
656 2761 841 2847 βεβιωκότα
853 2758 1008 2845 εὐσεβῶς.
1087 2797 1096 2816 ·

145 2861 213 2936 ΑΞ.
235 2856 447 2944 Αίσχύνομαί
459 2861 516 2923 σοί
527 2882 558 2922 τι
577 2882 592 2922 ε
594 2863 690 2940 πεῖν,
705 2883 730 2923 ω
719 2849 933 2940 Σῶκρατες
946 2862 1068 2923 τοσοῦ·
1086 2877 1106 2926 Β

62 2985 122 3027 τον
134 2956 199 3044 γάρ
218 2954 349 3025 ἀποδέω
368 2963 431 3023 τού
452 2953 689 3021 δεδοικέναι
655 2980 716 3021 τον
729 2955 892 3039 θάνατον,
905 2950 990 3021 ῶστε
1005 2951 1070 3040 ἤδη

62 3057 117 3126 καὶ
128 3061 233 3139 ἔρωτα
245 3052 351 3121 αύτου
336 3059 463 3138 ἔχειν.
487 3048 576 3119 οὕτω
585 3077 625 3137 με
637 3041 745 3119 καὶ
703 3077 801 3129 ουτος
812 3079 830 3118 υ
819 3047 983 3138 ’λόγος’
961 3077 1005 3129 ως
1015 3053 1070 3120 καὶ

63 3150 261 3238 ὁούράνιος,
273 3156 417 3235 πέπεικε,
430 3152 485 3218 καί
495 3148 563 3236 ἤδη
572 3156 765 3276 περιφρονῶ
782 3175 844 3216 τον
831 3147 971 3236 ζην,·“
948 3174 1006 3216 ατε
1024 3153 1071 3226 είς

62 3248 187 3338 ἀμείνω
198 3249 291 3318 οἷκον
302 3248 594 3338 μεταστησόμενος.
616 3274 693 3315 νυνι
683 3245 746 3314 δὲ
760 3244 865 3333 ηρέμα
875 3273 936 3313 κατ
940 3243 1071 3330 ’ἐμαυ-
