2408 3764
62 210 99 262 ιι
433 196 701 257 mamm.
1008 196 1069 261 185
1142 172 1151 189 ’

64 384 137 427 σιον
148 368 208 425 τοῖν
217 366 333 461 κακοῖνς
355 362 381 422 εί
391 360 424 422 δέ
433 385 476 434 τις
486 360 534 422 ἕπλ
545 352 677 421 κακίον’
660 358 752 461 ορμᾷ,
769 366 887 460 πρῶτον
897 355 995 441 μδν’
961 385 1015 443 ουχ
1027 358 1068 439 ὡς

65 449 115 510 ἐπι
126 438 281 509 κακίαν
244 469 339 525 αυτηυ
349 437 496 542 ορμησει,
493 436 556 504 ἄλλ’
571 435 668 515 ὦςέπ’
678 439 818 544 οἶφαθόν·
831 447 858 506 εἰ
868 445 900 507 δδ
911 447 962 508 καί
972 469 1032 529 πα
1033 473 1068 509 α-

64 533 178 633 γίνεταί
192 552 236 604 τις
252 528 299 591 ἐπὶ
317 530 389 590 κακί
387 552 425 588 αν
443 520 595 631 [πάντως
580 549 597 588 ο
610 530 740 599 τοιοῦτος
745 524 985 633 ἕξηιιάτηται]’
966 554 1006 605 ως
1015 472 1066 593 δι’

23 632 31 641 ’
67 610 224 688 ἐλάττονος
234 637 313 686 τινος
330 617 426 672 κακοιῖ
441 604 1000 712 άποιιιονομησόμινοςμεῖζοναμριθόν
1018 617 1069 678 καί

67 696 161 799 ταάτη
170 690 279 760 άιιουσί
277 720 316 769 ως
265 691 486 758 ίέλοάοεται·
502 687 651 756 άδάνατον
647 687 724 793 γάρ
740 685 838 795 δρμρῖν
847 717 914 757 τινα
902 689 974 759 &nl
985 693 1065 761 κακά

67 779 251 888 βουλόμενον
258 771 382 879 ξηειν’
346 775 438 879 αυτά,
456 775 522 839 οὔτε
532 778 627 838 ἐλπίδι
637 768 797 878 άγαθρῦ
767 777 834 838 οὔτε
844 774 1002 876 φάβφζ
941 785 1002 859 μείζ
1000 807 1068 884 ονρς

67 872 173 929 κακοῦ.
189 865 241 926 καὶ
256 857 314 926 ὅσα
331 856 370 941 δὴ
380 854 504 923 άδικεῖδ
518 852 675 962 φαιῖλος,’
656 855 785 922 ακοάσιο
793 854 932 961 ὑπάρχει·
946 869 999 962 της
1009 861 1067 967 γὰρ

70 942 192 1022 άδικίας
210 941 353 1010 άκουσίου
369 942 473 1046 ουσης,
491 937 567 1006 πολυ
582 948 696 1044 μᾶλλον
705 968 736 1046 τρ
728 936 896 1007 άδικιῖν’
878 941 1019 1045 οκράσιον
1030 944 1068 1011 δν

68 1037 123 1136 εἴη,
139 1029 202 1118 δσηο
213 1031 264 1093 καλ
275 1033 388 1131 μειῖον
390 1022 486 1130 κρικδν
497 1022 685 1109 δντογχάνοι
695 1051 727 1088 το
717 1021 928 1129 ἐνεργεῖν’
891 1022 983 1090 αυτὸν
993 1025 1069 1093 κατά

68 1111 154 1180 ιἰδικί
152 1141 192 1177 αν
200 1137 253 1176 του
240 1105 388 1211 ἔχειν’
350 1106 445 1193 αυτὴν
453 1105 628 1214 ἠρεμοῦσαν.
657 1113 760 1174 καίτοι
768 1111 800 1174 δὲ
812 1105 992 1174 άκουσίον”
972 1136 1069 1175 οντων

67 1207 128 1264 τοῖν
136 1193 348 1303 ἀδικημάτων,
362 1196 519 1258 κολαστέον
529 1220 597 1269 τους
608 1188 786 1269 άδικοῦντας
796 1196 848 1257 καλ
859 1191 1022 1300 διαφόρως·
1037 1199 1074 1258 αῖ

67 1308 98 1347 τε
109 1278 167 1365 γάρ
178 1280 286 1384 βλάβαι
296 1275 445 1381 διάφοροι,
458 1273 549 1341 καί
520 1303 551 1341 το
565 1273 708 1342 άιιοιίσιον
718 1278 750 1340 ἕν
760 1275 866 1365 άγνοία
875 1277 958 1342 τινί
943 1306 964 1359 η
974 1278 1069 1342 πάθει

68 1375 178 1444 κεῖται,
197 1361 313 1427 άπανια
330 1358 410 1426 δὲ
378 1389 415 1426 τα
426 1368 547 1427 τοιαῦτα
563 1364 671 1441 ἔξεστιν
680 1356 907 1465 αποτρίψασθαι
923 1388 974 1426 και
965 1360 1068 1465 λόγω

67 1451 120 1513 καί
131 1448 238 1551 ἤθεσιν
247 1441 372 1521 ιἰστείοις
383 1449 435 1550 ριαλ
445 1447 557 1533 μελέτη.
568 1453 707 1510 τοσοῦτον
718 1447 750 1509 δὲ
759 1471 855 1548 κακρν
867 1441 977 1523 άδιιιία,
996 1445 1069 1511 ὥστε

68 1530 282 1633 φευκτότερον
275 1526 391 1595 εἶναι
360 1555 393 1594 το
405 1524 522 1594 ἀδικεῖν
530 1552 583 1594 του
570 1523 779 1594 άδικεῖσθαι·
796 1555 829 1594 το
819 1524 940 1612 μὲν
905 1557 964 1633 γαρ
974 1554 1067 1635 πονη-

68 1642 122 1719 ρου
108 1619 261 1719 ἔργον,
252 1642 292 1687 το
275 1609 337 1679 δὲ
347 1609 517 1679 άδικεῖσθαι
532 1610 632 1690 πάθος
648 1609 803 1690 ἀσθενοῦς.
822 1610 990 1698 αἰσχρὸν
959 1641 1013 1697 μεν
1030 1610 1068 1697 δὴ

68 1697 213 1783 ἑκάτερον,
231 1724 262 1763 το
254 1694 315 1763 δὲ
332 1693 447 1762 ἆδικεῖν
463 1696 592 1786 τοσοάτρι
610 1694 724 1775 κάκιον,
743 1694 860 1801 ρσριπερ
877 1702 1066 1801 καλαίσχιον·

67 1790 209 1847 λυσιτελεῖ
216 1783 248 1846 δδ
257 1807 298 1869 τφ
285 1777 489 1847 ιἰδικοιῖντι“
474 1789 613 1864 υποσχεῖν
624 1777 756 1863 δίκην,δι
733 1806 772 1857 ως
783 1762 833 1844 καί
844 1789 885 1864 τῷ
893 1780 1067 1884 νινοοηκότι

66 1863 205 1949 ὑποσχεῖν
226 1871 318 1953 ίατρρῖ
338 1861 372 1929 ιδ
394 1874 478 1948 σῶμα
499 1869 539 1942 εἰς
559 1869 737 1948 θεραπείαν·
759 1871 841 1928 πάσα
865 1859 924 1949 γάρ
946 1864 1068 1940 κόλασις

67 1955 158 2035 ίαιρεί
158 1954 229 2025 ατίς
240 1930 319 2013 ἐστιν
329 1945 531 2034 ημαρτηκυίοις
542 1957 648 2051 ψυχης
1110 1982 1118 2004 0

150 2041 262 2096 XXXII.
282 2028 361 2096 Ἐπεί
379 2035 411 2097 δὲ
427 2037 461 2096 αί
475 2041 607 2097 πλεῖσται
600 2027 723 2136 ιἰρεταλ
739 2034 812 2137 περὶ
821 2029 956 2142 πάθηί
923 2002 1064 2115 γνονται,

67 2119 229 2221 διοριστέον
245 2117 437 2219 καλπερλτου
422 2114 575 2220 πάθους,
593 2140 739 2180 οποιοντι
735 2140 884 2220 υπαρχει
896 2118 955 2179 εστι
965 2120 1068 2180 τοίνυν

65 2200 166 2275 πάθος
177 2205 291 2305 κίνησις
303 2196 408 2282 άλογος
418 2205 517 2281 ψυχης
526 2224 565 2274 τις
577 2200 624 2263 ἐπὶ
635 2207 719 2280 κακῷ
728 2228 748 2281 η
759 2196 797 2275 ὡς
808 2195 854 2263 ἐπ’
867 2193 984 2308 άγαθρῖ.
998 2196 1067 2263 5220-

65 2275 783 2472 {3332222231‘3223‘2'352222222ss⁶⁸22:ss
795 2277 1066 2471 πιῗῖίὲἶῗίλλῗί

65 2457 140 2528 maj
157 2455 209 2530 τῆς
230 2457 330 2554 ψυχῆς
351 2455 532 2554 συνίσταται,
564 2453 615 2516 καί
632 2392 814 2557 τδνίημέτερα
835 2455 907 2558 ἔργα
928 2434 1063 2528 ουδὲέφ’

66 2532 166 2637 ημῖν
159 2555 265 2597 ακοοσι
275 2559 348 2616 γουν
358 2531 416 2598 ἐν
392 2562 473 2636 ημιν
483 2536 631 2642 ἐγγίνεται
634 2535 775 2613 πολλάκις
784 2532 1066 2600 καλαυτιτείνοοσιν

67 2612 136 2684 ἔσθ’
153 2612 203 2681 δίε
220 2616 252 2682 δὲ
262 2619 313 2680 καί
327 2615 528 2720 γινώσκοντες,
540 2618 586 2683 δτι
597 2645 633 2684 ου
623 2615 804 2726 ’λυπηρά
772 2646 808 2684 τα
819 2616 1068 2724 προσπεπτωκότα

66 2696 135 2766 ουδὲ
138 2696 205 2806 ἡδί
205 2726 224 2763 α
238 2694 308 2764 ουδδ
323 2727 382 2782 μην
393 2701 520 2786 φοβερά,
537 2698 607 2767 ουδὲ
607 2731 725 2808 νηττον
740 2696 939 2809 άμόμεθαυπ’
949 2696 1067 2804 αυτιῖν,

67 2781 122 2850 οὐκ
132 2781 172 2849 ὄιν
183 2783 330 2860 παθόντες
339 2791 439 2850 ταῦτα.
452 2790 478 2851 εἰ
460 2783 639 2889 κρίσεσι
608 2813 644 2850 τα
655 2783 730 2851 αιἰιδι
741 2779 793 2869 ἦν·
807 2810 913 2889 ταρτας
914 2779 979 2887 γάρ
993 2780 1066 2847 ἆπο·

69 2867 213 2974 βάλλομεν
224 2893 421 2972 καταγνοντες
432 2863 539 2950 αυιαῖν,
551 2874 607 2934 εἴτε
619 2868 784 2944 δεόντιις”
754 2895 809 2933 ειτε
808 2896 860 2972 μη
848 2864 1004 2942 δεοντως.
1018 2862 1066 2930 ἐπ’

64 2949 175 3041 άγαθρῖ
186 2948 247 3056 δδη
257 2955 308 3016 καλ
319 2954 367 3016 ἐπὶ
377 2960 470 3038 κακῷ,
483 2949 582 3055 ἐπειδη
594 2979 648 3055 κριτ
647 2949 792 3035 ἔμφασιν
798 2947 966 3057 αδιαφορου
971 2975 1068 3034 πραμ

67 3062 157 3118 ματος
167 3063 203 3102 ου
216 3045 339 3142 κινεῖτριι
349 3017 462 3113 πάθος·
479 3033 644 3141 πάνταγὰρ
656 3031 852 3141 συρίσταταιη
862 3035 937 3099 κατὰ
948 3031 1069 3143 ιἰγαθοῦ

68 3123 206 3225 ἔμφασιν
212 3117 321 3202 ηκατδ
338 3128 443 3186 κακοῦ.
463 3116 584 3205 ιἰγαθδν
600 3119 658 3205 γὰρ
676 3117 728 3185 ἐδιν
744 3117 1066 3221 μὲυπαρεῖναιδριολά-

67 3210 172 3286 ficum-,v
191 3199 385 3310 ηδάμεθα,ἐ
370 3233 409 3270 αν
356 3206 511 3270 ίίδδ
474 3234 495 3287 μ
497 3208 597 3285 ί,λλειν
618 3207 834 3354 δπνθυμρῦμεν·
827 3205 899 3268 καί
908 3229 1004 3267 κακον
1015 3197 1068 3265 ἐαν

67 3289 120 3368 μλν
130 3297 267 3372 παρεῖναι
282 3284 491 3395 υπολάβωμεν,
509 3257 697 3393 λυποίίμεθα,
716 3285 794 3355 τδδδ
802 3291 907 3393 μίλλον
919 3284 1065 3391 φοβοομε·

27 3458 32 3467 .
66 3379 119 3435 θα.
138 3375 199 3436 ἔστι
217 3373 249 3435 δὲ
257 3371 345 3456 παθη
362 3369 443 3438 διπλοῖ
454 3400 505 3438 και
495 3372 685 3458 στοιχειυδη
696 3372 759 3452 δίο,
772 3368 1067 3456 ηδονήιεκαλλυπη,
