2408 3764
445 202 769 284 επιενοπωξ.
863 302 866 309 ν
1071 214 1114 282 ιτ
1191 284 1195 295 Ι

102 378 222 454 θέντες
246 371 285 442 δὲ
306 375 341 440 οί
351 376 558 459 στρατιῶται
581 374 807 459 ξυνελέγησαν
824 369 948 461 άθρόοι
971 377 1027 444 καὶ
1049 376 1124 446 οὐκ

104 480 237 562 ἔφασαν
248 472 457 559 ἐπιτρέψειν·
469 468 487 539 6
501 467 536 537 δ’
551 470 714 557 ἐπεχείρει
726 471 900 557 βιάζεσθαι
911 479 1045 554 κλείσας
1056 475 1115 558 τοὶς

102 581 161 660 τῆς
179 571 394 662 ἀκροπόλεως
411 569 531 657 πάλας,
554 573 590 637 οί
608 566 643 636 δ’
664 570 827 658 ἐφέροντο
848 569 957 653 εάθδς
970 573 1055 661 πρὸς
1071 573 1112 643 τὰ
1127 592 1148 642 Β

102 669 351 760 τείχη,’παιω”νά
361 694 438 738 τινα
449 665 701 755 ἀναβοήσαντες
710 667 886 756 βάρβαρον
903 671 959 738 καί
975 680 1114 759 πολεμι-

102 774 181 841 κόν·
201 762 246 839 06
256 769 299 856 δὴ
311 765 469 857 περιδεὴς
479 766 664 845 Διονύσιος
675 765 858 852 γενόμενος
869 767 1001 838 ἅπαντα
1011 789 1115 840 συνε-

101 869 235 958 χάρησε
249 870 305 936 καὶ
317 871 366 934 ἔτι
378 869 482 933 πλείω
493 875 562 942 τοῖς
578 864 654 930 τότε
672 872 886 951 συλλεχθεῖσι
904 874 973 935 τῶν
990 878 1114 939 πελτα-

103 975 204 1037 στῶν.
227 968 329 1052 λόγος
341 963 385 1050 δή
397 987 448 1041 τις
458 987 540 1048 ταχυ
529 959 737 1049 διῆλθεν*
713 989 759 1044 ως
771 961 988 1052 Ἡρακλείδης
1006 977 1113 1052 ιιίτιος

102 1061 319 1152 είηγεγονώς
336 1060 472 1128 πάντων
488 1059 634 1127 τούτων·
657 1056 699 1129 δν
716 1057 865 1143 άκοόσας
888 1061 906 1131 6
930 1062 1018 1150 μὲν
1013 1073 1113 1155 Ηρα-

101 1173 164 1233 κλε
165 1152 240 1247 ίδης
251 1155 403 1228 ἐκποδών
412 1154 520 1228 αὐτόν
537 1157 664 1246 έσχεν’
644 1167 771 1250 αφανῆ,
783 1163 969 1245 Διονύσιος
987 1162 1025 1232 66
1038 1165 1112 1253 ἐζή-

61 1332 65 1343 ,
103 1286 156 1328 τει
173 1255 342 1347 λαβείνᾙ
321 1263 461 1346 αποριόν
477 1259 518 1326 δέ
522 1257 733 1345 ,Θεοδότην
744 1262 1043 1350 μεταπεμψάμενος
1065 1270 1146 1346 είςθ

105 1356 334 1445 τδνκῆπον-
296 1354 524 1444 -ἐτυχονδ’
544 1358 644 1448 ἐντῶ
662 1357 759 1450 κήπω
773 1361 830 1427 καὶ
825 1360 963 1482 ἔχω’
925 1386 1111 1453 τοτεπερι-

102 1463 265 1526 πατάν-
280 1483 321 1525 τα
307 1447 452 1541 Ημέν
407 1480 473 1522 ουν
484 1452 614 1523 αλλα
577 1480 640 1523 ουτ
643 1425 803 1523 ὀἷδά”
759 1456 834 1525 ουτ’
853 1458 983 1546 ἤκουον
995 1467 1110 1533 διαλε-

99 1551 299 1642 νομένων,
285 1583 307 1620 α
300 1553 362 1622 δέ
379 1555 534 1629 ἐναντίον
551 1551 623 1621 εἷπε
641 1553 809 1641 Θεοδότης
826 1559 911 1641 ἐμοῦ
928 1582 1013 1646 προς
1022 1569 1111 1630 Διο-

88 1655 234 1739 γείσιον,
247 1649 324 1719 οἶδά
340 1677 376 1719 τε
396 1655 452 1720 καί
469 1655 648 1740 μέμνημαι.
675 1654 820 1723 Πλάτων
835 1657 911 1743 γάρ,
927 1660 1005 1744 ἐφη,
1022 1670 1110 1728 Διο-

98 1755 223 1823 νόσιον
246 1749 311 1838 ἐγώ
335 1757 442 1820 πείθω
468 1759 620 1840 τουτονί,
648 1750 709 1820 ἐὰν
737 1746 802 1839 ἐγῶ
830 1755 978 1872 γένωμαι
1007 1761 1110 1876 δεῦρο

96 1849 317 1940 Ἡρακλείδην
335 1857 470 1937 κομίσαι
488 1847 634 1930 δυνατός
647 1848 728 1937 ἡμίν
744 1855 791 1930 είς
807 1849 931 1936 λόγους
948 1854 1025 1973 περὶ
1041 1861 1110 1923 τοῖν

100 1952 320 2038 ἐγκλημάτων
332 1948 424 2041 αὐτῷ
433 1957 502 2019 τόν
513 1977 580 2018 νυν
596 1948 800 2037 γεγονότων,
819 1945 863 2017 άν
880 1947 946 2038 άρα
962 1950 1008 2039 μὴ
1026 1952 1110 2042 δόξη

100 2053 173 2117 δείν
195 2044 302 2115 αὐτόν
320 2050 426 2115 οἰκεῖν
443 2051 482 2114 ἐν
492 2052 643 2135 Σικελίᾳ,
663 2045 724 2114 τόν
740 2072 776 2114 τε
793 2045 872 2115 υίδν
887 2048 1036 2136 λαβόντα
1053 2051 1110 2119 καὶ

99 2146 162 2235 τὴν
173 2159 318 2233 γυναῖκα
334 2143 417 2227 άξιω
429 2150 476 2226 είς
485 2146 752 2231 Πελοπόννησον
762 2143 939 2236 άποπλείν,
954 2154 1060 2217 οίκείν
1070 2165 1140 2217 τευ
1188 2149 1197 2163 ”

99 2244 291 2332 βλάπτοντα
306 2243 413 2332 μηδὲν
435 2242 626 2315 Διονύσιον
646 2245 726 2330 ἐκεί,
745 2245 985 2333 καρπούμενον
1007 2244 1106 2329 δὴτδ

99 2344 235 2410 ἑαυτοῦ.
252 2344 511 2434 μετεπεμψάμην
522 2343 585 2431 μὲν
596 2337 661 2413 οὖν
672 2349 728 2412 καί
739 2344 907 2434 πρότερον
918 2343 1034 2435 αὐτόν,
1045 2372 1107 2434 με·

47 2564 65 2616 ι
99 2547 277 2628 ταπομπῆς
287 2539 330 2608 άν
340 2566 376 2610 τε
386 2545 442 2611 καὶ
453 2542 518 2612 ιἰπδ
531 2551 590 2631 τῆς
600 2552 668 2616 νῦν
678 2544 857 2636 ὑπακοόση
874 2572 947 2634 μοι·
971 2547 1106 2618 Διονύ·

100 2662 176 2710 σιον
189 2641 227 2708 δὲ
238 2637 320 2720 άξιοό
326 2642 382 2707 καί
393 2646 519 2732 δέομαι,
528 2643 571 2713 άν
582 2672 633 2727 τις
643 2646 830 2735 ἐντυγχάνῃ
835 2645 1035 2734 Ἡρακλείδη
1045 2645 1106 2713 ἐάν

100 2738 132 2808 τ’
147 2744 185 2808 ἐν
195 2740 289 2831 άγρῷ
300 2737 359 2806 ἐάν
370 2735 403 2806 τ’
417 2741 552 2830 ἐνθάδε,
565 2743 670 2830 μηδὲν
687 2745 769 2814 ἄλλο
781 2743 872 2831 αὐτῷ
884 2748 1041 2829 φλαῦρον
1051 2744 1106 2826 γί-

99 2844 252 2926 γνεσθαι,
276 2843 478 2925 μεταστῆναι
501 2837 535 2905 δ’
553 2841 592 2906 ἐκ
609 2847 668 2926 τῆς
688 2842 808 2927 χώρας,
826 2841 888 2918 ἕως
904 2833 947 2904 άν
965 2835 1047 2906 ἄλλο
1069 2863 1101 2905 τι
1118 2843 1139 2895 Ε

99 2944 273 3030 Διονυσίῳ
284 2937 375 3026 δόξη.
397 2941 513 3023 ταῦτα,
531 2940 817 3024 ἔφησυγχωρεῖςς
830 2941 938 3023 λέγων
949 2934 1105 3025 πρδςτδν

101 3035 299 3107 Διονύσιον.
323 3040 502 3123 συγχωρῶ·
525 3034 605 3123 μηδ’
624 3031 668 3103 δν
686 3033 772 3123 πρὸς
788 3041 829 3126 τῇ
846 3038 900 3126 σῇ,
917 3039 993 3124 ἔφη,
1011 3042 1104 3126 φανῇ

100 3143 199 3227 οίκίηι,
211 3142 553 3225 πείσεσθαιφλοιῦρον
562 3138 668 3222 μηδὲν
685 3133 775 3224 παρὰ
791 3133 831 3204 τὰ
848 3142 916 3203 νῦν
934 3138 1102 3223 εἰρημένα.

99 3241 139 3326 τῇ
150 3237 192 3322 δη
204 3233 285 3323 μετὰ
296 3233 424 3320 ταύτην
434 3233 497 3322 τὴν
508 3231 636 3323 ἡμέραν
647 3239 757 3322 δείλης
767 3231 941 3323 Εὐρύβιος
950 3235 1007 3303 καὶ
1018 3241 1103 3302 6⁶0-

99 3334 200 3420 δότης
216 3336 450 3422 προσηλθέτην
467 3360 523 3422 μοι
540 3340 672 3424 σπουδῇ
689 3337 951 3423 τεθορυβημένω
966 3343 1103 3418 θαυμα-

99 3440 196 3522 στοῖς,
208 3435 264 3502 καί
274 3431 293 3503 6
305 3433 472 3526 Θεοδότης
482 3441 584 3530 λέγει,
597 3435 761 3532 Πλάτων,
771 3440 1033 3528 ἐφη,ωορὶχοθο.
1038 3428 1130 3511 ‘fitz
