2408 3764
30 254 33 258 1
73 169 139 243 Μ
383 171 766 231 ΠΡΟΛΕΓΟΜΕΝΑ

200 357 231 397 ευ
219 323 380 438 δρηίης’
351 353 464 412 τιονσα,
477 329 576 432 χάρις
570 324 672 394 δέσΗ
654 334 814 434 αμείψετοιι
819 325 912 412 έσθλῆ

181 417 233 479 έκ
242 417 394 522 μακάρων,
404 413 464 480 οίσί
452 420 482 479 ίν
493 438 546 519 περ
558 408 634 517 άνῆρ
645 411 811 517 ένάριθμος
817 416 935 490 ἐκεῖνος.

72 496 159 575 άλλος
176 501 209 563 δὲ
208 499 352 603 χρησμὸς
359 495 510 604 έδόθη,’
491 525 531 574 ως
542 494 595 563 δόο
607 503 709 573 παῖδες
719 495 922 604 τεχθῆσονται,
930 491 1080 601 Ἀπόλλω·

71 608 123 659 νος
139 583 193 663 μέν
176 577 398 688 νἈσκληπιός,
417 577 590 669 Ἀρίστωνος
608 583 640 647 66
657 579 801 646 Πλάτων·
819 572 866 647 οἷν
880 609 897 647 ο
883 578 994 663 ’ίμέν
994 578 1081 669 ατρός

72 669 153 730 ἔσται
169 663 328 772 6666666‚
346 663 408 734 666
418 672 538 748 ψυχάν·
560 667 611 728 καί
622 660 785 768 Ἀθηναῖοι
802 661 881 731 66
849 693 905 748 την
924 675 1080 748 γενεθλιο

71 745 131 830 κῆν
140 743 231 815 νότον
218 747 357 839 ῆμέραν
369 754 563 824 ἐπιτελοῦντες
575 747 730 834 ἕπάδοντες
742 746 925 852 φάσκουσιν·

197 828 967 940 ηματιτωδεΠλατωναθεολδοσανανθρωττοισιν

71 913 131 1025 ὅρα
142 918 174 980 66
185 914 277 980 καί
246 945 301 1000 την
312 915 468 1003 ὑπεροχήν,
479 911 519 998 ῆν
529 919 611 1018 ἔσχεν
622 911 701 1020 πρδς
704 912 909 1019 Πυθαγόραν·
929 908 1015 994 οὗτος
1026 920 1080 1000 μὲν

69 1002 128 1087 γδίρ
145 995 281 1083 άπῆλθεν
300 1007 340 1078 εἰς
348 995 548 1105 Περσίδα,
505 1025 572 1101 την
588 1007 648 1064 τῶν
658 998 763 1104 μάγων
775 995 969 1103 ὠφεληθῆναι
979 1005 1080 1069 θέλων

71 1088 209 1188 σοφίαν·
222 1090 255 1150 οἱ
269 1087 302 1151 66
315 1082 405 1168 μάγοι
421 1077 513 1148 διά
484 1108 536 1148 τον
549 1079 701 1148 Πλάτωνα
712 1078 860 1167 Ἀθῆναζε
872 1088 1078 1172 παρεγένοντο,

70 1176 120 1251 τῆς
132 1162 209 1247 ἒξ’
172 1177 264 1235 αυτοῦ
275 1195 326 1251 μετ
328 1174 405 1274 ἐγειν
412 1171 588 1248 φιλοσοφίας
598 1164 772 1272 γλιχόμενοι.

154 1261 214 1314 VH.
233 1248 354 1355 ’666666
374 1245 429 1353 τῆν
451 1255 581 1354 ἱστορίαν
596 1259 649 1327 τοῦ
668 1249 831 1328 Πλάτωνος
852 1238 1077 1357 μεμαθήκαμεν,

70 1337 141 1420 φέρε
158 1331 253 1398 καὶ
225 1362 258 1436 τρ
274 1335 405 1411 εἶδος
369 1362 421 1436 της
439 1329 530 1399 αὐτον
517 1339 718 1439 φιλοσοφίας
730 1335 949 1442 διηγησάμεθα.
972 1343 1080 1405 πολλαί

69 1422 171 1483 τοίνυν
185 1415 322 1501 γεγόνασι
334 1412 402 1528 πρὸ
406 1415 569 1523 Πλάτρινός
585 1446 615 1485 τε
632 1423 683 1485 καλ
699 1415 772 1503 μετὰ
788 1419 939 1487 Πλάτωνα
954 1421 1075 1505 φιλοσό·

70 1527 137 1583 φων
153 1503 276 1585 αἱρέσεις
293 1504 344 1565 καὶ
359 1499 471 1606 πάντας
484 1498 714 1609 ὑπερηκόντισεν
724 1506 757 1569 έν
766 1515 827 1581 τοῖς
841 1505 969 1612 δόγμασι
979 1510 1077 1573 καὶτ

70 1590 188 1666 διανοία
205 1588 258 1650 καὶ
273 1593 365 1691 πᾶσιν
382 1583 459 1665 απαξ
469 1581 584 1693 ἅπλῶς.
614 1578 716 1692 ῆσαν
710 1589 743 1653 δέ
757 1582 815 1673 πρδ
828 1585 919 1654 αάτον
909 1593 1030 1694 μέν
997 1617 1075 1695 αιρε·

70 1690 128 1745 σεις
145 1647 291 1736 αδται·”
270 1696 332 1754 ητε
342 1667 494 1775 ποιητική,
511 1664 550 1780 ῆς
563 1669 764 1755 καθηγεμόνες
780 1671 936 1782 γεγόγασιγ
945 1669 1077 1779 Ὀρφεύς,

60 1749 200 1855 Όμηρος,
221 1753 381 1832 Μονσαῑός
402 1781 432 1820 τε
449 1758 501 1861 ηαδ
511 1754 662 1859 Ησίοδος·
688 1757 809 1861 γέγονεν
831 1756 863 1818 66
879 1758 930 1818 καὶ
947 1751 1007 1863 666
1025 1765 1078 1823 τοῦ

65 1830 200 1947 ’16766
210 1830 464 1943 διδασκαλείου,
442 1867 479 1923 ης
489 1836 707 1946 προκατῆρξατο
711 1833 902 1946 Ηράκλειτος
912 1840 963 1900 καὶ
977 1845 1079 1923 Θαλῆς

70 1945 120 1984 και
111 1921 342 2026 Αναξριγόρας·
363 1926 484 2031 γέγονεν
500 1924 533 1986 66
547 1920 634 2024 κωλῆ
647 1916 882 2027 Πυθαγόρου
855 1922 906 1983 καὶ
923 1927 1077 2026 Παρμενί-

71 2008 133 2068 δον.
160 2001 232 2088 μετδι
247 2005 397 2072 Πλάτωνα
415 2009 447 2073 66
463 2000 615 2113 γέγονεν’
599 2030 619 2084 η
636 2011 756 2110 Στωικη
776 1999 860 2069 καλ
845 2031 865 2087 η
874 1998 1078 2153 Ἐπικούρειος

71 2085 208 2193 καὶῆΠε
209 2115 383 2196 ριπατητικη
371 2087 480 2170 καίῆ
495 2095 547 2168 τῆς
566 2113 634 2163 νεας
643 2081 836 2192 Ακαδημίας
859 2090 1034 2174 διαφέρουσι
1045 2092 1078 2156 66
1122 2120 1125 2127 ’

68 2176 144 2236 οί
68 2197 159 2254 οτης
177 2179 245 2251 νέας
253 2170 432 2280 Ἀκαδημίας
447 2178 507 2236 τῶν
515 2174 683 2277 66666036
697 2180 738 2260 τῷ
755 2168 823 2248 τοδς
839 2173 894 2254 μέν
905 2171 1076 2276 έφεκτικους

67 2251 177 2361 ὁμοίως
191 2262 285 2342 λέγειν
296 2255 346 2324 διδ
355 2255 475 2363 πάντων
489 2263 548 2321 τοδν
558 2252 652 2321 όντων
667 2236 885 2360 πεφοιτηηέναι,
902 2252 971 2334 τοδς
983 2260 1060 2323 δέ
1024 2286 1078 2363 της-

67 2345 135 2414 νέας
153 2335 389 2444 Ἀκαδημίας
354 2369 408 2424 ουχ
429 2337 570 2442 ἁπάντων
592 2336 716 2420 ομοίως,
740 2333 808 2403 ἄλλ’
831 2338 909 2405 εἶναί
930 2367 997 2406 τινα
1016 2351 1078 2408 τῶν.

67 2420 257 2506 πραγμάτων,
270 2420 290 2487 δι
284 2423 434 2528 σαίνουσι
453 2419 508 2505 τῆν
518 2418 659 2529 ἡμετέρην
669 2421 780 2532 ψυχῆν,
793 2426 845 2488 καὶ
855 2425 1076 2530 συγκατάθεσιν

67 2508 194 2608 μετρίαν.
223 2513 327 2570 πασῶν
346 2505 457 2571 τούτων
476 2510 614 2612 μρείττων
630 2504 723 2612 6666
738 2504 905 2613 δΠλάτρια
936 2505 1074 2576 άπάνατο

67 2584 166 2668 μέν
130 2615 198 2695 γαρ
201 2596 256 2692 τῆς
262 2597 435 2694 ποιητικῆς
425 2585 459 2655 τδ
471 2586 601 2698 ὑμνῆσαι
615 2584 670 2696 τῆν
680 2591 764 2670 τάξιν
774 2618 834 2657 των
845 2588 955 2675 όντων,
969 2592 1073 2697 ὑπερέ-

67 2666 198 2774 βαλενδ’
218 2667 313 2756 αιἰτῆν
330 2680 371 2761 τῷ
388 2669 456 2751 τοὺς
473 2675 528 2757 μὲν
544 2672 671 2757 ποιητάς
683 2672 756 2740 άνεν
773 2671 947 2781 άποδείξεως
963 2673 1073 2749 καλάς

68 2749 156 2859 ρότός
175 2780 249 2840 φησι
259 2737 432 2866 μαινομένῳ
444 2761 501 2823 καί
506 2761 701 2864 ένθουσιῶντι
711 2757 862 2865 στόματι,
868 2756 963 2829 αότδν
970 2752 1070 2839 δέμεά

66 2833 276 2942 άποδείξεως”
257 2866 339 2908 απαν
355 2838 552 2928 εἰρηκέναι·
528 2867 610 2948 υπερ
612 2845 715 2927 έβαλεν
732 2838 812 2908 δ’
774 2841 882 2921 αντοδς
896 2845 947 2946 666
964 2848 1005 2928 τῷ
1023 2837 1072 2906 εό-

67 2919 168 3029 66666
177 2934 237 2993 τοῖν
247 2926 364 3030 μόθων.
385 2921 536 2992 έκεῖνοι
501 2954 560 3014 γαρ
571 2922 610 3003 ὥς
612 2930 721 3034 έτνγεν
730 2931 853 2992 ἔπλεκον
864 2922 932 3002 τοδς
942 2904 1071 3008 μόθονς,

67 3033 155 3085 ουτος
166 3013 200 3076 δέ
210 3034 317 3094 φησιν,
335 3037 380 3076 οτι
390 3038 446 3096 χρη
434 3006 538 3093 ἔχειν
556 3037 624 3076 τινα
634 3038 703 3088 τους
712 3013 870 3115 μέλλοντας
879 3010 995 3074 πλέκειν
991 3013 1073 3113 περὶ

66 3100 142 3159 θεοῦ
152 3103 263 3199 μυθον,
283 3094 328 3172 οἷς
338 3097 540 3200 προσάγοντες
537 3097 588 3161 καί
586 3088 868 3199 έντνγχάνοντες’
833 3120 889 3160 ουκ
899 3086 1070 3176 άπαηῆσον-

66 3201 122 3241 ται.
149 3175 237 3243 δεῖ
203 3207 260 3283 γαρ
271 3183 394 3261 εἰδέναι,
415 3206 454 3255 ως
465 3173 560 3255 οθεδς
562 3173 693 3284 ἆγαθός
710 3179 770 3245 ἐστι
788 3180 839 3243 καί
849 3171 986 3282 οδδαμοῆς
997 3203 1069 3280 προ·

66 3258 247 3363 βάλλεται
218 3289 251 3329 το
271 3268 399 3375 ψεῦδος,
420 3260 487 3329 οάτε
504 3257 578 3329 66'’'
559 3288 683 3368 6660666
703 3269 757 3326 τοῦ
780 3257 912 3367 άληθοῦς
934 3259 1001 3326 οότε
1020 3257 1071 3327 διὰ

66 3338 217 3441 άπατηλόν
227 3374 269 3412 τι·
291 3351 342 3415 καὶ
354 3375 397 3415 οτι
408 3354 466 3426 πάς
477 3340 547 3424 θεός
562 3343 759 3431 άμετάβλητος
769 3343 852 3409 mv
832 3368 986 3433 ατρεπτος,
1004 3370 1071 3411 οντε
