2408 3764
484 211 719 265 sandrario.
1098 229 1133 265 xs

62 357 142 410 altius
160 353 241 420 repeti
258 368 363 404 necesse
381 358 434 415 est,
450 365 500 414 quo
518 350 594 417 plura
611 349 674 400 mihi
691 351 772 402 inhia
790 349 832 400 vel
850 363 908 399 meo
919 349 1019 413 judicio
1033 350 1075 402 vel
1091 367 1137 402 no·

62 442 155 479 vorum
179 425 297 475 codicum
320 422 437 473 subsidio
459 421 528 472 velut
546 420 578 469 ab
596 419 695 484 integro
713 420 814 486 agenda
831 418 942 471 inerunt.
980 419 1050 479 Quae
1068 423 1137 471 enim

62 497 114 546 hac
138 494 279 560 appendice
300 491 483 557 comprehendi
502 489 646 540 studiorum
669 488 775 539 cadente
798 489 934 555 graecitate
957 489 983 538 in
1004 490 1137 540 Platonem

10 590 12 594 v
63 565 213 616 collatorum
228 568 403 622 monumenta,
425 574 513 610 eorum
533 559 646 623 primum
662 557 738 606 modo
755 573 785 608 ac
802 557 879 624 plane
895 558 973 623 paulo
991 567 1064 620 ante,
1087 559 1137 611 hac

64 637 124 700 ipsa
137 633 247 684 editione
270 631 324 681 lere
349 630 481 687 absoluta,
509 627 658 690 inopinatae
681 623 758 674 saluti
787 628 915 677 redditum
938 634 992 688 est,
1018 629 1136 689 alterum,

63 705 116 754 nisi
131 717 191 768 spes
208 716 250 751 me
271 701 353 763 fallit,
376 699 483 750 eandem
502 709 571 745 nuno
592 694 695 743 demum
714 697 887 759 recuperavit,
910 699 1075 748 uenientium
1094 714 1135 748 me

62 774 91 822 in
108 772 268 836 superiorum
294 770 439 820 criticorum
458 777 538 830 opera
554 763 716 825 acquiescere
739 774 843 825 passum
866 772 917 825 σοις
944 765 1028 830 quarti
1050 775 1135 818 antem

62 855 131 890 nunc
142 842 253 906 primum
264 840 378 888 maxima
390 848 452 900 pars
464 832 563 897 prodit,
580 831 654 896 cnjus
668 829 789 894 deinceps
802 832 908 894 amplior
921 837 985 885 ratio
998 838 1135 897 reddetur3

62 911 124 976 ipsa
141 911 250 972 denique
265 906 370 958 Scholia
386 913 411 953 et
426 900 523 950 Timaei
538 899 707 966 glossarium,
734 899 851 961 quamvis
868 899 1057 956 saluberrimam
1073 906 1135 957 olim

61 978 223 1038 Ruhnkenii‚
251 990 335 1039 nuper
352 971 528 1020 Turicensium
545 984 631 1020 curam
649 977 767 1034 experta,
786 973 917 1017 externam
935 979 1001 1021 certe
1016 973 1134 1037 formam,

60 1060 114 1110 qna
140 1047 184 1096 hic
201 1045 291 1095 induta
316 1039 459 1107 prodeunt,
483 1039 524 1090 vel
549 1038 671 1104 explicari
693 1037 736 1087 vel
757 1036 874 1088 excusari
894 1037 989 1088 volunt.
1027 1042 1133 1093 Albinus

61 1117 160 1183 igitur,
177 1126 254 1175 quem
271 1119 296 1159 et
314 1117 384 1161 aetas
402 1115 427 1158 et
441 1117 615 1173 argumentum
632 1109 716 1173 primo
734 1107 790 1158 loco
809 1106 872 1173 poni
882 1105 975 1171 jussit,
992 1109 1134 1173 principem

62 1184 189 1235 editorem
202 1180 291 1228 hahuit
308 1179 430 1229 Joanuem
448 1177 580 1227 Alhertnm
595 1177 754 1240 Fabricium,
773 1179 818 1240 qui
832 1175 901 1226 illius
917 1167 958 1232 εἰς
973 1166 1041 1233 τούς
1059 1171 1135 1227 Πλά-

60 1263 157 1305 τωνος
173 1239 322 1310 διαλόγους
341 1237 498 1312 εἰσαγωγὴν
509 1261 576 1296 anno
589 1246 701 1297 lintax
716 1246 804 1296 codice
815 1245 979 1296 Holsteniauo
995 1245 1021 1295 in
1040 1245 1136 1297 Biblio-

61 1322 156 1369 thecae
174 1316 284 1367 Graecae
301 1317 359 1366 Vol.
376 1316 408 1366 ll.
433 1331 462 1381 p.
483 1317 588 1368 44-50
602 1315 746 1377 transtulit,
773 1317 843 1367 unde
856 1316 987 1380 posterius
1004 1331 1020 1365 a
1037 1316 1136 1366 loannc

59 1387 191 1438 Friderico
209 1385 325 1435 Fischero
340 1400 397 1435 cum
412 1392 520 1449 quatuor
535 1385 625 1450 primis
642 1384 754 1435 Platonis
772 1385 882 1450 dialogis
900 1384 970 1450 Lips.
990 1384 1059 1436 1783
1078 1392 1103 1435 et
1119 1400 1137 1436 a

61 1456 205 1507 Christiano
213 1453 318 1504 Daniele
326 1454 419 1505 Bechio
430 1456 456 1504 in
467 1455 550 1504 fronte
561 1455 681 1505 editionis
690 1455 902 1504 Tauohnitaianae
914 1454 981 1506 1813
988 1453 1026 1520 (p.
1034 1453 1134 1520 11-Ιὸ)

60 1527 171 1590 repetita
181 1524 299 1589 plurimis
309 1532 395 1574 tamen
415 1523 455 1574 vel
469 1523 640 1590 negligentiae
654 1524 695 1574 vel
712 1524 869 1589 corruptelae
884 1523 992 1575 maculis
1005 1525 1135 1586 sordebat,

62 1588 145 1646 dorico
169 1594 277 1643 eandem
298 1608 381 1658 nuper
405 1591 462 1647 (lar.
480 1593 541 1647 Ero.
561 1593 619 1643 Chr.
639 1591 808 1644 Schneiderus
826 1594 853 1642 in
869 1592 1018 1644 Scholarnm
1033 1594 1133 1645 hibern.

61 1680 87 1714 a.
105 1663 175 1713 1852
196 1663 280 1712 indice
300 1662 494 1713 Vratislaviensi
517 1679 549 1714 ex
571 1662 761 1728 elegantissimo
785 1663 872 1712 codice
890 1662 1076 1714 Lobcovicensi
1097 1665 1134 1715 ita

61 1732 222 1784 emendatam
240 1733 334 1791 edidit,
356 1738 386 1780 nt
408 1738 550 1792 eteorum,
577 1747 642 1795 quae
660 1732 715 1796 ipse
732 1734 808 1783 modo
826 1744 941 1781 meorum
959 1733 1134 1782 subsidiorum

62 1817 111 1867 ope
129 1803 327 1865 constituissem,
346 1799 484 1864 plurimam
494 1809 594 1866 partem
612 1800 770 1851 confirmaret
789 1808 814 1850 et
831 1807 923 1865 suopte
937 1801 1053 1851 acumine
1070 1815 1133 1853 usu-

60 1871 140 1922 nullis
165 1871 227 1920 locis
256 1869 387 1936 egregiam
414 1869 497 1920 lucem
521 1869 670 1923 affunderet.
710 1871 740 1920 ld
763 1871 951 1935 ipsnm‘tamen
970 1884 1020 1932 quo
1039 1871 1134 1921 clarius

61 1947 198 2006 appareat,
215 1939 341 2002 simulque
357 1941 449 1990 certior
467 1940 624 2005 singularum
639 1939 776 1989 lectionum
789 1939 926 1989 auotoritas
945 1938 1005 2000 dat,
1029 1941 1056 1989 in
1071 1955 1133 1990 eno·
1189 1992 1191 1997 ⁴

59 2011 140 2060 tanda
154 2010 290 2068 varietate,
316 2023 367 2070 qua
387 2023 444 2059 mea
458 2009 522 2060 haec
535 2008 650 2060 recensio
667 2024 683 2058 a
697 2009 813 2073 principe
827 2008 977 2058 Fabriciana
994 2009 1142 2075 discrepat,

59 2089 301 2142 meorum-quoque
324 2077 440 2128 codicum
460 2079 590 2136 lectiones,
610 2092 717 2140 quarum
732 2078 835 2140 quidem
854 2076 959 2141 aliquod
974 2085 1132 2129 momentum

60 2155 113 2210 est,
126 2146 259 2213 diligenter
270 2147 429 2212 perscribam
440 2148 580 2210 eademque
593 2160 671 2211 opera
684 2147 734 2196 duo
746 2147 847 2197 illorum
858 2162 954 2212 genera
966 2147 1132 2212 distinguam,

60 2222 169 2280 quoium
185 2231 218 2265 ne
233 2215 403 2267 Schneiderus
420 2217 522 2279 quidem
539 2216 616 2266 ullam
634 2216 749 2265 notitiam
760 2216 1001 2267 habuissevidetur.
1025 2217 1133 2267 Idenim

27 2330 32 2351 ,
60 2286 226 2351 principium,
244 2288 271 2336 in
288 2299 338 2349 quo
354 2293 380 2336 et
389 2285 569 2336 Holsteniauus
588 2293 612 2335 et
625 2285 823 2336 Lobcovioensis
833 2286 1003 2345 consentiunt,
1021 2301 1053 2335 ex
1067 2285 1132 2336 mei·

59 2368 128 2404 nnus
144 2360 243 2403 tantum
260 2362 345 2404 senat
362 2355 512 2406 Parisiensis
528 2354 611 2418 2290,
631 2370 707 2417 quem
716 2355 822 2405 Carolus
831 2354 968 2418 hliillerns,
989 2356 1064 2420 cnjus
1076 2357 1132 2421 jann

59 2423 180 2487 superius
196 2428 221 2470 et
236 2423 418 2474 humanitatem
436 2432 462 2475 et
479 2424 641 2492 diligentiam
656 2425 742 2491 dignis
760 2424 880 2476 laudibus
897 2432 1049 2490 prosecutus
1063 2439 1131 2485 su,

59 2491 166 2542 infimae
186 2492 275 2539 aetatis
292 2493 384 2543 librum
404 2509 461 2544 cnm
480 2495 597 2544 Fabricio
616 2493 669 2544 iere
693 2494 849 2545 adverbum
872 2497 1010 2546 convenire
1026 2502 1131 2554 ,numam

59 2559 154 2622 reliqui
168 2564 222 2607 tres
237 2573 271 2607 cx
288 2561 335 2620 iis,
354 2576 419 2622 qnae
437 2564 513 2614 huius
529 2566 579 2614 tria
608 2565 674 2614 rima
691 2567 777 2628 capita
794 2565 935 2625 continent,
951 2564 1016 2616 haec
1033 2571 1132 2614 tantum

61 2629 199 2680 exhibent:
224 2619 241 2675 ὁ
260 2619 393 2691 διάλσγός
409 2620 467 2680 ἔστι
479 2624 561 2697 λόγος
594 2628 609 2692 ξ
627 2624 788 2698 ἐρωτήσεως
803 2629 852 2682 καλ
869 2623 1048 2698 ἀποκρίσεως
1066 2644 1132 2695 σογ-

60 2688 190 2761 κείμονός
210 2709 289 2754 τινος
310 2693 367 2746 τοῖν
385 2698 536 2750 πολιτικῶν
554 2697 603 2750 καὶ
621 2694 788 2769 φιλοσόφων
804 2693 976 2767 πραγμάτων
993 2691 1063 2765 μετὰ
1080 2696 1133 2762 τῆς

60 2758 226 2831 πρεπούσης
249 2757 411 2831 ribomontem
429 2764 487 2817 τοῖν
510 2767 808 2839 παραλαμβανομένων
830 2761 993 2833 προσώπων
1014 2763 1063 2816 καλ
1081 2766 1132 2832 τῆς

61 2825 136 2884 κατὰ
153 2827 228 2896 λέξιν
249 2833 440 2900 κατασκευῆς,
459 2844 518 2901 post
534 2853 599 2901 quae
614 2841 652 2889 sic
669 2843 756 2890 statim
771 2846 895 2905 perguntr
920 2827 973 2886 daie
990 2828 1022 2886 δὲ
1039 2826 1132 2886 ὄντων

62 2897 249 2986 γαραιηιήρηιν
266 2903 319 2956 τοῦ
337 2896 487 2970 διαλόγου,
510 2895 689 2971 denemarca
709 2903 758 2958 καλ
779 2901 929 2971 ζητητικοῦ
934 2941 942 2970 ,
958 2896 975 2956 ὁ
990 2897 1043 2971 μὲν
1057 2896 1133 2972 ὑφη-

61 2988 177 3038 γητικος
202 2987 345 3040 ηρμοσται
371 2989 397 3025 κ.
415 2990 441 3030 τ.
458 2975 498 3039 1.,
523 2976 665 3026 unde·non
686 2978 789 3027 mutilos
804 2977 851 3026 sed
869 2976 985 3027 consulto
1004 2977 1133 3028 breviatos

62 3059 121 3094 esse
138 3044 235 3106 liquido
254 3053 375 3110 apparet,
407 3047 485 3108 idque
509 3045 644 3095 consilium
663 3048 739 3096 etiam
760 3045 851 3096 titulus
872 3046 973 3111 prodit,
1001 3060 1052 3108 qno
1067 3045 1132 3101 'dne

62 3128 151 3162 eornm
168 3128 219 3163 nou
236 3106 374 3180 εἰσαγωγὴ
391 3116 437 3167 sed
455 3109 522 3179 trapi
539 3111 591 3179 τῆς
605 3105 828 3183 τάξοωςβίβλων
845 3113 902 3164 τόν
921 3106 1075 3172 Πλάτωνος
1089 3115 1131 3166 vel

60 3178 119 3231 sain
135 3178 250 3248 βιβλίων
271 3181 329 3233 τοῖν
348 3181 539 3234 Πλατωνικῶν
562 3185 739 3240 inscribuntur.
780 3186 874 3235 lienum
888 3185 952 3235 alter
971 3192 1009 3234 est
1026 3184 1131 3250 Lugdu-

60 3252 151 3301 nensis
168 3250 295 3320 llseassr.
313 3255 392 3304 Voss.
408 3253 438 3313 Q.
458 3254 505 3315 ta;
523 3255 597 3319 cujus
616 3254 784 3322 apographon
798 3255 914 3321 lingerio
931 3254 1054 3319 Mehlero,
1073 3253 1130 3303 olil-

62 3319 221 3370 ciosissimae
241 3322 391 3372 eruditionis
410 3324 481 3385 viro,
503 3332 634 3390 acceptum
655 3325 756 3388 resero,
780 3324 844 3375 alter
865 3324 1030 3386 Basiliensis,
1056 3323 1132 3384 ouius

61 3404 141 3452 quum
159 3388 187 3437 iu
204 3389 291 3440 Jahnii
309 3389 406 3441 Archiv
425 3393 455 3446 Τ.
474 3391 542 3444 XIV.
565 3408 592 3460 p.
611 3394 664 3447 104
684 3396 844 3449 mentionem
853 3395 1038 3449 minuissem,
1052 3389 1150 3437 uerie-

61 3457 146 3519 chius,
163 3472 238 3520 quem
254 3459 359 3511 honoris
374 3474 451 3514 causa
465 3464 589 3532 nomino,
607 3469 795 3537 promtissima
811 3466 942 3520 comitale
953 3476 1037 3513 mace
1050 3459 1088 3503 'm
1098 3462 1176 3499 m*
