<?xml version="1.0" encoding="UTF-8"?>
<!DOCTYPE html PUBLIC "-//W3C//DTD XHTML 1.0 Transitional//EN"
    "http://www.w3.org/TR/xhtml1/DTD/xhtml1-transitional.dtd">
<html xmlns="http://www.w3.org/1999/xhtml" xml:lang="en" lang="en">
 <head>
  <title>
</title>
<meta http-equiv="Content-Type" content="text/html;charset=utf-8" />
  <meta name='ocr-system' content='tesseract 3.04.00' />
  <meta name='ocr-capabilities' content='ocr_page ocr_carea ocr_par ocr_line ocrx_word'/>
</head>
<body>
  <div class='ocr_page' id='page_1' title='image "./dialogisecundum04platgoog/dialogisecundum04platgoog_0253.png"; bbox 0 0 2408 3764; ppageno 0'>
   <div class='ocr_carea' id='block_1_1' title="bbox 64 194 1082 264">
    <p class='ocr_par' dir='ltr' id='par_1_1' title="bbox 64 194 1082 264">
     <span class='ocr_line' id='line_1_1' title="bbox 64 194 1082 264; baseline -0.013 -2"><span class='ocrx_word' id='word_1_1' title='bbox 64 194 146 262; x_wconf 83' lang='lat'>¹180</span> <span class='ocrx_word' id='word_1_2' title='bbox 450 194 716 254; x_wconf 69' lang='grc' dir='ltr'><em>ΑΛΚΙΝΟΟΤ</em></span> <span class='ocrx_word' id='word_1_3' title='bbox 864 260 866 264; x_wconf 43' lang='grc'><strong><em>,</em></strong></span> <span class='ocrx_word' id='word_1_4' title='bbox 1039 201 1082 260; x_wconf 69' lang='grc' dir='ltr'><strong><em>«ιε</em></strong></span> 
     </span>
    </p>
   </div>
   <div class='ocr_carea' id='block_1_2' title="bbox 64 344 1082 545">
    <p class='ocr_par' dir='ltr' id='par_1_2' title="bbox 64 344 1082 545">
     <span class='ocr_line' id='line_1_2' title="bbox 64 344 1082 461; baseline 0.006 -46"><span class='ocrx_word' id='word_1_5' title='bbox 64 360 119 425; x_wconf 78' lang='grc' dir='ltr'><strong><em>,τό</em></strong></span> <span class='ocrx_word' id='word_1_6' title='bbox 135 356 274 426; x_wconf 79' lang='grc' dir='ltr'><strong>ὁπωσοῦν</strong></span> <span class='ocrx_word' id='word_1_7' title='bbox 293 349 360 457; x_wconf 90' lang='grc' dir='ltr'><strong><em>παρ’</em></strong></span> <span class='ocrx_word' id='word_1_8' title='bbox 385 344 557 439; x_wconf 77' lang='grc' dir='ltr'><strong><em>ἀνθρώποις</em></strong></span> <span class='ocrx_word' id='word_1_9' title='bbox 569 351 683 460; x_wconf 82' lang='grc' dir='ltr'><strong><em>ιἰχαθόι</em></strong></span> <span class='ocrx_word' id='word_1_10' title='bbox 693 352 873 461; x_wconf 81' lang='grc' dir='ltr'><strong><em>νομιζόμενα</em></strong></span> <span class='ocrx_word' id='word_1_11' title='bbox 890 354 999 438; x_wconf 77' lang='grc' dir='ltr'><strong><em>ταύτης</em></strong></span> <span class='ocrx_word' id='word_1_12' title='bbox 1015 354 1082 422; x_wconf 81' lang='grc' dir='ltr'><strong><em>ιἰπε-</em></strong></span> 
     </span>
     <span class='ocr_line' id='line_1_3' title="bbox 84 434 1082 545; baseline -0.002 -37"><span class='ocrx_word' id='word_1_13' title='bbox 84 443 215 529; x_wconf 78' lang='grc' dir='ltr'><strong><em>λάμβανε</em></strong></span> <span class='ocrx_word' id='word_1_14' title='bbox 229 434 384 541; x_wconf 78' lang='grc' dir='ltr'><em>τυγχάνειν</em></span> <span class='ocrx_word' id='word_1_15' title='bbox 396 447 449 522; x_wconf 77' lang='grc' dir='ltr'><strong><em>τῆς</em></strong></span> <span class='ocrx_word' id='word_1_16' title='bbox 463 438 694 541; x_wconf 77' lang='grc' dir='ltr'><strong><em>προσρήσεως</em></strong></span> <span class='ocrx_word' id='word_1_17' title='bbox 665 447 707 502; x_wconf 78' lang='grc' dir='ltr'><strong><em>τῶ</em></strong></span> <span class='ocrx_word' id='word_1_18' title='bbox 721 437 857 504; x_wconf 73' lang='grc' dir='ltr'><strong><em>ὁπωσοῦν</em></strong></span> <span class='ocrx_word' id='word_1_19' title='bbox 872 444 1002 545; x_wconf 83' lang='grc' dir='ltr'><strong><em>μετέχειν</em></strong></span> <span class='ocrx_word' id='word_1_20' title='bbox 1014 443 1082 506; x_wconf 82' lang='grc' dir='ltr'><strong><em>ἐνεί-</em></strong></span> 
     </span>
    </p>
   </div>
   <div class='ocr_carea' id='block_1_3' title="bbox 46 518 1091 3464">
    <p class='ocr_par' dir='ltr' id='par_1_3' title="bbox 83 518 1083 628">
     <span class='ocr_line' id='line_1_4' title="bbox 83 518 1083 628; baseline -0.002 -37"><span class='ocrx_word' id='word_1_21' title='bbox 83 554 138 593; x_wconf 90' lang='grc' dir='ltr'><strong><em>νον</em></strong></span> <span class='ocrx_word' id='word_1_22' title='bbox 154 533 206 627; x_wconf 81' lang='grc' dir='ltr'><strong><em>τρῦ</em></strong></span> <span class='ocrx_word' id='word_1_23' title='bbox 220 523 338 620; x_wconf 77' lang='grc' dir='ltr'><strong><em>πρώτου</em></strong></span> <span class='ocrx_word' id='word_1_24' title='bbox 353 524 404 625; x_wconf 81' lang='grc' dir='ltr'><strong><em>ηαλ</em></strong></span> <span class='ocrx_word' id='word_1_25' title='bbox 420 519 609 604; x_wconf 86' lang='grc' dir='ltr'><strong><em>τιμιωτότου,</em></strong></span> <span class='ocrx_word' id='word_1_26' title='bbox 625 518 716 626; x_wconf 84' lang='grc' dir='ltr'><strong><em>όνπερ</em></strong></span> <span class='ocrx_word' id='word_1_27' title='bbox 729 522 841 628; x_wconf 88' lang='grc' dir='ltr'><strong><em>τρόπον</em></strong></span> <span class='ocrx_word' id='word_1_28' title='bbox 857 526 909 588; x_wconf 79' lang='grc' dir='ltr'><strong><em>καί</em></strong></span> <span class='ocrx_word' id='word_1_29' title='bbox 923 551 962 587; x_wconf 90' lang='grc' dir='ltr'><strong><em>τα</em></strong></span> <span class='ocrx_word' id='word_1_30' title='bbox 977 529 1083 607; x_wconf 81' lang='grc' dir='ltr'><strong><em>χλυκέα</em></strong></span> 
     </span>
    </p>

    <p class='ocr_par' dir='ltr' id='par_1_4' title="bbox 60 600 1088 1695">
     <span class='ocr_line' id='line_1_5' title="bbox 60 600 1082 713; baseline -0.001 -38"><span class='ocrx_word' id='word_1_31' title='bbox 60 652 65 660; x_wconf 84' lang='grc'><em>·</em></span> <span class='ocrx_word' id='word_1_32' title='bbox 83 614 134 713; x_wconf 78' lang='grc' dir='ltr'><strong><em>κρὶ</em></strong></span> <span class='ocrx_word' id='word_1_33' title='bbox 143 635 180 672; x_wconf 87' lang='grc' dir='ltr'><strong><em>τα</em></strong></span> <span class='ocrx_word' id='word_1_34' title='bbox 168 603 288 690; x_wconf 81' lang='grc' dir='ltr'><strong><em>θερμὰ</em></strong></span> <span class='ocrx_word' id='word_1_35' title='bbox 298 600 374 709; x_wconf 74' lang='grc' dir='ltr'><strong><em>κατρι</em></strong></span> <span class='ocrx_word' id='word_1_36' title='bbox 384 610 539 687; x_wconf 78' lang='grc' dir='ltr'><strong><em>μετουσίαν</em></strong></span> <span class='ocrx_word' id='word_1_37' title='bbox 549 613 608 669; x_wconf 78' lang='grc' dir='ltr'><strong><em>τῶν</em></strong></span> <span class='ocrx_word' id='word_1_38' title='bbox 616 604 741 690; x_wconf 81' lang='grc' dir='ltr'><strong><em>πρώτων</em></strong></span> <span class='ocrx_word' id='word_1_39' title='bbox 750 603 806 690; x_wconf 78' lang='grc' dir='ltr'><strong><em>τὴν</em></strong></span> <span class='ocrx_word' id='word_1_40' title='bbox 816 609 986 688; x_wconf 76' lang='grc' dir='ltr'><strong><em>ἐπωνυμίαν</em></strong></span> <span class='ocrx_word' id='word_1_41' title='bbox 997 611 1082 691; x_wconf 85' lang='grc' dir='ltr'><strong><em>ἐχειν·</em></strong></span> 
     </span>
     <span class='ocr_line' id='line_1_6' title="bbox 82 685 1084 800; baseline 0.001 -43"><span class='ocrx_word' id='word_1_42' title='bbox 82 691 181 793; x_wconf 93' lang='grc' dir='ltr'><strong><em>μόνα</em></strong></span> <span class='ocrx_word' id='word_1_43' title='bbox 176 691 208 754; x_wconf 77' lang='grc' dir='ltr'><strong><em>δὲ</em></strong></span> <span class='ocrx_word' id='word_1_44' title='bbox 224 697 284 754; x_wconf 78' lang='grc' dir='ltr'><strong><em>τῶν</em></strong></span> <span class='ocrx_word' id='word_1_45' title='bbox 303 685 365 755; x_wconf 91' lang='grc' dir='ltr'><strong><em>ἐν</em></strong></span> <span class='ocrx_word' id='word_1_46' title='bbox 350 698 423 800; x_wconf 80' lang='grc' dir='ltr'><strong><em>ημῖν</em></strong></span> <span class='ocrx_word' id='word_1_47' title='bbox 438 691 627 794; x_wconf 77' lang='grc' dir='ltr'><strong><em>ἐφικνεῖσθαι</em></strong></span> <span class='ocrx_word' id='word_1_48' title='bbox 647 716 738 754; x_wconf 89' lang='grc' dir='ltr'><strong><em>αυτου</em></strong></span> <span class='ocrx_word' id='word_1_49' title='bbox 755 718 806 796; x_wconf 88' lang='grc' dir='ltr'><strong><em>της</em></strong></span> <span class='ocrx_word' id='word_1_50' title='bbox 822 686 997 774; x_wconf 51' lang='grc' dir='ltr'><strong><em>ομοιότῇος</em></strong></span> <span class='ocrx_word' id='word_1_51' title='bbox 1008 718 1084 797; x_wconf 85' lang='grc' dir='ltr'><strong><em>νορν</em></strong></span> 
     </span>
     <span class='ocr_line' id='line_1_7' title="bbox 83 766 1084 884; baseline 0.001 -45"><span class='ocrx_word' id='word_1_52' title='bbox 83 802 134 884; x_wconf 82' lang='grc' dir='ltr'><strong><em>καρ</em></strong></span> <span class='ocrx_word' id='word_1_53' title='bbox 124 771 236 856; x_wconf 80' lang='grc' dir='ltr'><strong><em>λογον</em></strong></span> <span class='ocrx_word' id='word_1_54' title='bbox 241 819 250 854; x_wconf 90' lang='grc'><strong><em>,</em></strong></span> <span class='ocrx_word' id='word_1_55' title='bbox 269 769 378 838; x_wconf 78' lang='grc' dir='ltr'><strong><em>διὸκαὶ</em></strong></span> <span class='ocrx_word' id='word_1_56' title='bbox 393 799 425 837; x_wconf 89' lang='grc' dir='ltr'><strong><em>το</em></strong></span> <span class='ocrx_word' id='word_1_57' title='bbox 415 766 581 879; x_wconf 79' lang='grc' dir='ltr'><strong><em>ἡμέτερον</em></strong></span> <span class='ocrx_word' id='word_1_58' title='bbox 590 767 710 858; x_wconf 70' lang='grc' dir='ltr'><strong><em>ἀγαθόν</em></strong></span> <span class='ocrx_word' id='word_1_59' title='bbox 720 770 814 839; x_wconf 87' lang='grc' dir='ltr'><strong><em>καλόν</em></strong></span> <span class='ocrx_word' id='word_1_60' title='bbox 825 775 902 840; x_wconf 78' lang='grc' dir='ltr'><strong><em>εἶναι</em></strong></span> <span class='ocrx_word' id='word_1_61' title='bbox 912 777 965 839; x_wconf 84' lang='grc' dir='ltr'><strong><em>καί</em></strong></span> <span class='ocrx_word' id='word_1_62' title='bbox 978 773 1084 858; x_wconf 83' lang='grc' dir='ltr'><strong><em>σεμνόν</em></strong></span> 
     </span>
     <span class='ocr_line' id='line_1_8' title="bbox 83 855 1084 964; baseline 0.003 -42"><span class='ocrx_word' id='word_1_63' title='bbox 83 861 133 923; x_wconf 80' lang='grc' dir='ltr'><strong><em>καὶ</em></strong></span> <span class='ocrx_word' id='word_1_64' title='bbox 149 865 235 922; x_wconf 82' lang='grc' dir='ltr'><strong><em>θεῖον</em></strong></span> <span class='ocrx_word' id='word_1_65' title='bbox 253 859 335 921; x_wconf 70' lang='grc' dir='ltr'><strong><em>μαλ’</em></strong></span> <span class='ocrx_word' id='word_1_66' title='bbox 320 855 460 942; x_wconf 86' lang='grc' dir='ltr'><strong><em>ερόσμιον</em></strong></span> <span class='ocrx_word' id='word_1_67' title='bbox 477 859 528 921; x_wconf 83' lang='grc' dir='ltr'><strong><em>καί</em></strong></span> <span class='ocrx_word' id='word_1_68' title='bbox 543 855 707 964; x_wconf 79' lang='grc' dir='ltr'><strong><em>σόριμρτρρν</em></strong></span> <span class='ocrx_word' id='word_1_69' title='bbox 723 860 774 922; x_wconf 83' lang='grc' dir='ltr'><strong><em>καί</em></strong></span> <span class='ocrx_word' id='word_1_70' title='bbox 791 863 949 963; x_wconf 82' lang='grc' dir='ltr'><strong><em>όαιμονιως</em></strong></span> <span class='ocrx_word' id='word_1_71' title='bbox 958 883 1024 936; x_wconf 89' lang='grc' dir='ltr'><strong><em>πως</em></strong></span> <span class='ocrx_word' id='word_1_72' title='bbox 1033 886 1084 925; x_wconf 88' lang='grc' dir='ltr'><strong><em>κα</em></strong></span> 
     </span>
     <span class='ocr_line' id='line_1_9' title="bbox 83 937 1085 1054; baseline 0.003 -47"><span class='ocrx_word' id='word_1_73' title='bbox 83 940 243 1054; x_wconf 85' lang='grc' dir='ltr'><strong><em>λοόμενον·</em></strong></span> <span class='ocrx_word' id='word_1_74' title='bbox 273 948 333 1005; x_wconf 80' lang='grc' dir='ltr'><strong><em>τῶν</em></strong></span> <span class='ocrx_word' id='word_1_75' title='bbox 349 942 382 1005; x_wconf 78' lang='grc' dir='ltr'><strong><em>δέ</em></strong></span> <span class='ocrx_word' id='word_1_76' title='bbox 397 938 592 1045; x_wconf 84' lang='grc' dir='ltr'><strong><em>λεχομένων’</em></strong></span> <span class='ocrx_word' id='word_1_77' title='bbox 577 937 636 1006; x_wconf 87' lang='grc' dir='ltr'><strong><em>υπό</em></strong></span> <span class='ocrx_word' id='word_1_78' title='bbox 652 951 712 1006; x_wconf 82' lang='grc' dir='ltr'><strong><em>τῶν</em></strong></span> <span class='ocrx_word' id='word_1_79' title='bbox 726 951 843 1008; x_wconf 79' lang='grc' dir='ltr'><strong><em>πολλῶν</em></strong></span> <span class='ocrx_word' id='word_1_80' title='bbox 858 939 1001 1048; x_wconf 78' lang='grc' dir='ltr'><strong><em>ιἰχαθῶν,</em></strong></span> <span class='ocrx_word' id='word_1_81' title='bbox 1023 941 1085 1010; x_wconf 72' lang='grc' dir='ltr'><strong><em>οἷον</em></strong></span> 
     </span>
     <span class='ocr_line' id='line_1_10' title="bbox 83 1022 1084 1176; baseline 0 -84"><span class='ocrx_word' id='word_1_82' title='bbox 83 1025 183 1176; x_wconf 79' lang='grc' dir='ltr'><strong><em>τἰχείας</em></strong></span> <span class='ocrx_word' id='word_1_83' title='bbox 204 1022 330 1100; x_wconf 80' lang='grc' dir='ltr'><strong><em>κόλλονς</em></strong></span> <span class='ocrx_word' id='word_1_84' title='bbox 346 1050 375 1089; x_wconf 91' lang='grc' dir='ltr'><strong><em>τε</em></strong></span> <span class='ocrx_word' id='word_1_85' title='bbox 391 1027 441 1089; x_wconf 81' lang='grc' dir='ltr'><strong><em>καί</em></strong></span> <span class='ocrx_word' id='word_1_86' title='bbox 450 1022 555 1127; x_wconf 84' lang='grc' dir='ltr'><strong><em>ίσχόος</em></strong></span> <span class='ocrx_word' id='word_1_87' title='bbox 576 1028 627 1088; x_wconf 85' lang='grc' dir='ltr'><strong><em>καὶ</em></strong></span> <span class='ocrx_word' id='word_1_88' title='bbox 643 1024 773 1130; x_wconf 81' lang='grc' dir='ltr'><strong><em>πλοότοη</em></strong></span> <span class='ocrx_word' id='word_1_89' title='bbox 789 1030 840 1092; x_wconf 79' lang='grc' dir='ltr'><strong><em>καί</em></strong></span> <span class='ocrx_word' id='word_1_90' title='bbox 857 1035 916 1092; x_wconf 81' lang='grc' dir='ltr'><strong><em>τῶν</em></strong></span> <span class='ocrx_word' id='word_1_91' title='bbox 910 1037 1084 1133; x_wconf 81' lang='grc' dir='ltr'><strong><em>παρυρπλη-</em></strong></span> 
     </span>
     <span class='ocr_line' id='line_1_11' title="bbox 84 1103 1084 1215; baseline -0.001 -37.968"><span class='ocrx_word' id='word_1_92' title='bbox 84 1117 157 1177; x_wconf 89' lang='grc' dir='ltr'><strong><em>σίων</em></strong></span> <span class='ocrx_word' id='word_1_93' title='bbox 176 1109 267 1212; x_wconf 70' lang='grc' dir='ltr'><strong><em>μηδὲν</em></strong></span> <span class='ocrx_word' id='word_1_94' title='bbox 279 1106 355 1173; x_wconf 77' lang='grc' dir='ltr'><strong><em>εἶναι</em></strong></span> <span class='ocrx_word' id='word_1_95' title='bbox 374 1105 516 1187; x_wconf 82' lang='grc' dir='ltr'><strong><em>καθόπαξ</em></strong></span> <span class='ocrx_word' id='word_1_96' title='bbox 535 1103 668 1212; x_wconf 83' lang='grc' dir='ltr'><strong><em>ἆγαθόν,</em></strong></span> <span class='ocrx_word' id='word_1_97' title='bbox 691 1113 717 1213; x_wconf 67' lang='grc' dir='ltr'><strong><em>εί</em></strong></span> <span class='ocrx_word' id='word_1_98' title='bbox 731 1106 772 1191; x_wconf 77' lang='grc' dir='ltr'><strong><em>μὴ</em></strong></span> <span class='ocrx_word' id='word_1_99' title='bbox 784 1111 872 1214; x_wconf 90' lang='grc' dir='ltr'><strong><em>τόχοι</em></strong></span> <span class='ocrx_word' id='word_1_100' title='bbox 887 1117 939 1215; x_wconf 78' lang='grc' dir='ltr'><strong><em>τῆς</em></strong></span> <span class='ocrx_word' id='word_1_101' title='bbox 957 1107 1018 1176; x_wconf 76' lang='lat'><strong><em>666</em></strong></span> <span class='ocrx_word' id='word_1_102' title='bbox 1039 1119 1084 1193; x_wconf 79' lang='grc' dir='ltr'><strong><em>τῆς</em></strong></span> 
     </span>
     <span class='ocr_line' id='line_1_12' title="bbox 84 1189 1085 1302; baseline -0.004 -40"><span class='ocrx_word' id='word_1_103' title='bbox 84 1193 188 1302; x_wconf 79' lang='grc' dir='ltr'><strong><em>σἰρετῆς</em></strong></span> <span class='ocrx_word' id='word_1_104' title='bbox 206 1190 347 1299; x_wconf 76' lang='grc' dir='ltr'><strong><em>χρήσεως·</em></strong></span> <span class='ocrx_word' id='word_1_105' title='bbox 375 1195 558 1298; x_wconf 80' lang='grc' dir='ltr'><strong><em>χωρισθέντα</em></strong></span> <span class='ocrx_word' id='word_1_106' title='bbox 578 1189 636 1278; x_wconf 74' lang='grc' dir='ltr'><strong><em>γὰρ</em></strong></span> <span class='ocrx_word' id='word_1_107' title='bbox 656 1191 762 1296; x_wconf 79' lang='grc' dir='ltr'><strong><em>ταύτης</em></strong></span> <span class='ocrx_word' id='word_1_108' title='bbox 781 1193 853 1300; x_wconf 79' lang='grc' dir='ltr'><strong><em>όλης</em></strong></span> <span class='ocrx_word' id='word_1_109' title='bbox 868 1194 962 1301; x_wconf 88' lang='grc' dir='ltr'><strong><em>μόνον</em></strong></span> <span class='ocrx_word' id='word_1_110' title='bbox 979 1197 1085 1279; x_wconf 77' lang='grc' dir='ltr'><strong><em>ἐπέχειν</em></strong></span> 
     </span>
     <span class='ocr_line' id='line_1_13' title="bbox 84 1274 1083 1385; baseline 0 -41"><span class='ocrx_word' id='word_1_111' title='bbox 84 1280 181 1381; x_wconf 79' lang='grc' dir='ltr'><strong><em>τάξιν,</em></strong></span> <span class='ocrx_word' id='word_1_112' title='bbox 202 1275 277 1385; x_wconf 70' lang='grc' dir='ltr'><strong><em>πρός</em></strong></span> <span class='ocrx_word' id='word_1_113' title='bbox 297 1285 392 1380; x_wconf 76' lang='grc' dir='ltr'><strong><em>καιροῦ</em></strong></span> <span class='ocrx_word' id='word_1_114' title='bbox 412 1275 554 1382; x_wconf 86' lang='grc' dir='ltr'><strong><em>χινόμενρι</em></strong></span> <span class='ocrx_word' id='word_1_115' title='bbox 574 1287 635 1354; x_wconf 83' lang='grc' dir='ltr'><strong><em>τοῖς</em></strong></span> <span class='ocrx_word' id='word_1_116' title='bbox 651 1274 772 1380; x_wconf 82' lang='grc' dir='ltr'><strong><em>φαόλρς</em></strong></span> <span class='ocrx_word' id='word_1_117' title='bbox 793 1275 892 1355; x_wconf 80' lang='grc' dir='ltr'><strong><em>αὐτοῖς</em></strong></span> <span class='ocrx_word' id='word_1_118' title='bbox 913 1280 1083 1383; x_wconf 77' lang='grc' dir='ltr'><strong><em>χρωμένοις·</em></strong></span> 
     </span>
     <span class='ocr_line' id='line_1_14' title="bbox 86 1355 1085 1510; baseline -0.002 -81"><span class='ocrx_word' id='word_1_119' title='bbox 86 1356 189 1429; x_wconf 78' lang='grc' dir='ltr'><strong><em>ἐσθ’”</em></strong></span> <span class='ocrx_word' id='word_1_120' title='bbox 171 1386 218 1426; x_wconf 90' lang='grc' dir='ltr'><strong><em>οτε</em></strong></span> <span class='ocrx_word' id='word_1_121' title='bbox 235 1362 268 1425; x_wconf 79' lang='grc' dir='ltr'><strong><em>δὲ</em></strong></span> <span class='ocrx_word' id='word_1_122' title='bbox 283 1355 359 1423; x_wconf 72' lang='grc' dir='ltr'><strong><em>αὐτὰ</em></strong></span> <span class='ocrx_word' id='word_1_123' title='bbox 380 1364 431 1423; x_wconf 79' lang='grc' dir='ltr'><strong><em>καί</em></strong></span> <span class='ocrx_word' id='word_1_124' title='bbox 426 1358 545 1462; x_wconf 82' lang='grc' dir='ltr'><strong><em>θνητό</em></strong></span> <span class='ocrx_word' id='word_1_125' title='bbox 567 1357 716 1466; x_wconf 83' lang='grc' dir='ltr'><strong><em>ιόνόμαζεν</em></strong></span> <span class='ocrx_word' id='word_1_126' title='bbox 732 1356 844 1510; x_wconf 84' lang='grc' dir='ltr'><strong><em>όχριθό.</em></strong></span> <span class='ocrx_word' id='word_1_127' title='bbox 871 1357 979 1466; x_wconf 77' lang='grc' dir='ltr'><strong><em>τὴνδ’</em></strong></span> <span class='ocrx_word' id='word_1_128' title='bbox 989 1358 1085 1427; x_wconf 74' lang='grc' dir='ltr'><strong><em>εὐδαι-</em></strong></span> 
     </span>
     <span class='ocr_line' id='line_1_15' title="bbox 85 1437 1086 1556; baseline 0.002 -46"><span class='ocrx_word' id='word_1_129' title='bbox 85 1450 192 1550; x_wconf 88' lang='grc' dir='ltr'><strong><em>μονίαν</em></strong></span> <span class='ocrx_word' id='word_1_130' title='bbox 212 1439 268 1509; x_wconf 87' lang='grc' dir='ltr'><strong><em>οόκ</em></strong></span> <span class='ocrx_word' id='word_1_131' title='bbox 284 1445 315 1506; x_wconf 86' lang='grc' dir='ltr'><strong><em>ἐν</em></strong></span> <span class='ocrx_word' id='word_1_132' title='bbox 335 1451 396 1518; x_wconf 82' lang='grc' dir='ltr'><strong><em>τοῖς</em></strong></span> <span class='ocrx_word' id='word_1_133' title='bbox 417 1437 654 1526; x_wconf 70' lang='grc' dir='ltr'><strong><em>ἀνθρωπίνοις</em></strong></span> <span class='ocrx_word' id='word_1_134' title='bbox 638 1455 735 1547; x_wconf 85' lang='grc' dir='ltr'><strong><em>ηχεῐτο</em></strong></span> <span class='ocrx_word' id='word_1_135' title='bbox 760 1445 836 1512; x_wconf 82' lang='grc' dir='ltr'><strong><em>εἶναι</em></strong></span> <span class='ocrx_word' id='word_1_136' title='bbox 856 1450 938 1556; x_wconf 85' lang='grc' dir='ltr'><strong><em>[τρῖς]</em></strong></span> <span class='ocrx_word' id='word_1_137' title='bbox 961 1441 1086 1553; x_wconf 81' lang='grc' dir='ltr'><strong><em>ἆχαθοῐς</em></strong></span> 
     </span>
     <span class='ocr_line' id='line_1_16' title="bbox 85 1524 1088 1633; baseline 0 -40"><span class='ocrx_word' id='word_1_138' title='bbox 85 1524 147 1594; x_wconf 72' lang='grc' dir='ltr'><strong><em>ἄλλ’</em></strong></span> <span class='ocrx_word' id='word_1_139' title='bbox 166 1531 197 1592; x_wconf 87' lang='grc' dir='ltr'><strong><em>ἐν</em></strong></span> <span class='ocrx_word' id='word_1_140' title='bbox 212 1537 272 1604; x_wconf 87' lang='grc' dir='ltr'><strong><em>τοῖς</em></strong></span> <span class='ocrx_word' id='word_1_141' title='bbox 287 1530 380 1601; x_wconf 82' lang='grc' dir='ltr'><strong><em>θείοις</em></strong></span> <span class='ocrx_word' id='word_1_142' title='bbox 396 1551 426 1589; x_wconf 87' lang='grc' dir='ltr'><strong><em>τε</em></strong></span> <span class='ocrx_word' id='word_1_143' title='bbox 443 1528 494 1590; x_wconf 76' lang='grc' dir='ltr'><strong><em>καὶ</em></strong></span> <span class='ocrx_word' id='word_1_144' title='bbox 489 1532 677 1631; x_wconf 80' lang='grc' dir='ltr'><strong><em>μακαρίοις</em></strong></span> <span class='ocrx_word' id='word_1_145' title='bbox 699 1524 774 1593; x_wconf 75' lang='grc' dir='ltr'><strong><em>ὅθεν</em></strong></span> <span class='ocrx_word' id='word_1_146' title='bbox 790 1527 836 1632; x_wconf 86' lang='lat'><strong><em>66</em></strong></span> <span class='ocrx_word' id='word_1_147' title='bbox 847 1532 898 1593; x_wconf 77' lang='grc' dir='ltr'><strong><em>καί</em></strong></span> <span class='ocrx_word' id='word_1_148' title='bbox 914 1531 1050 1633; x_wconf 83' lang='grc' dir='ltr'><strong><em>μεχαλων</em></strong></span> <span class='ocrx_word' id='word_1_149' title='bbox 1059 1555 1088 1594; x_wconf 87' lang='grc' dir='ltr'><strong><em>τε</em></strong></span> 
     </span>
     <span class='ocr_line' id='line_1_17' title="bbox 85 1605 1087 1714; baseline 0.001 -37"><span class='ocrx_word' id='word_1_150' title='bbox 85 1640 137 1677; x_wconf 91' lang='grc' dir='ltr'><strong><em>και</em></strong></span> <span class='ocrx_word' id='word_1_151' title='bbox 127 1605 386 1694; x_wconf 74' lang='grc' dir='ltr'><strong><em>’θαυμασίων</em></strong></span> <span class='ocrx_word' id='word_1_152' title='bbox 354 1636 406 1685; x_wconf 88' lang='grc' dir='ltr'><strong><em>τας</em></strong></span> <span class='ocrx_word' id='word_1_153' title='bbox 420 1637 461 1696; x_wconf 82' lang='grc' dir='ltr'><strong><em>ιφ</em></strong></span> <span class='ocrx_word' id='word_1_154' title='bbox 478 1605 542 1675; x_wconf 88' lang='grc' dir='ltr'><strong><em>όντι</em></strong></span> <span class='ocrx_word' id='word_1_155' title='bbox 552 1608 742 1714; x_wconf 82' lang='grc' dir='ltr'><strong><em>φιλοσόφους</em></strong></span> <span class='ocrx_word' id='word_1_156' title='bbox 758 1609 856 1695; x_wconf 76' lang='grc' dir='ltr'><strong><em>ψυχὰς</em></strong></span> <span class='ocrx_word' id='word_1_157' title='bbox 871 1609 1034 1692; x_wconf 85' lang='grc' dir='ltr'><strong><em>ἐφασκεν’</em></strong></span> <span class='ocrx_word' id='word_1_158' title='bbox 1016 1641 1087 1680; x_wconf 92' lang='grc' dir='ltr'><strong><em>ανα-</em></strong></span> 
     </span>
    </p>

    <p class='ocr_par' dir='ltr' id='par_1_5' title="bbox 64 1689 1091 2032">
     <span class='ocr_line' id='line_1_18' title="bbox 64 1689 1089 1805; baseline 0 -44"><span class='ocrx_word' id='word_1_159' title='bbox 64 1746 67 1751; x_wconf 87' lang='grc'><strong>-</strong></span> <span class='ocrx_word' id='word_1_160' title='bbox 86 1699 209 1780; x_wconf 81' lang='grc' dir='ltr'><strong><em>μίστους</em></strong></span> <span class='ocrx_word' id='word_1_161' title='bbox 226 1698 277 1760; x_wconf 81' lang='grc' dir='ltr'><strong><em>καὶ</em></strong></span> <span class='ocrx_word' id='word_1_162' title='bbox 293 1689 364 1805; x_wconf 72' lang='grc' dir='ltr'><strong><em>μετὰ</em></strong></span> <span class='ocrx_word' id='word_1_163' title='bbox 384 1689 501 1776; x_wconf 78' lang='grc' dir='ltr'><strong><em>τὴντοό</em></strong></span> <span class='ocrx_word' id='word_1_164' title='bbox 518 1691 651 1800; x_wconf 83' lang='grc' dir='ltr'><strong><em>σρόματος</em></strong></span> <span class='ocrx_word' id='word_1_165' title='bbox 668 1693 804 1758; x_wconf 75' lang='grc' dir='ltr'><strong><em>διάλυσιν</em></strong></span> <span class='ocrx_word' id='word_1_166' title='bbox 820 1700 986 1797; x_wconf 83' lang='grc' dir='ltr'><strong><em>συνεστίους</em></strong></span> <span class='ocrx_word' id='word_1_167' title='bbox 1007 1706 1089 1773; x_wconf 84' lang='grc' dir='ltr'><strong><em>θεοῖς</em></strong></span> 
     </span>
     <span class='ocr_line' id='line_1_19' title="bbox 85 1772 1089 1885; baseline -0.001 -39.979"><span class='ocrx_word' id='word_1_168' title='bbox 85 1783 241 1866; x_wconf 87' lang='grc' dir='ltr'><strong><em>χινομένας</em></strong></span> <span class='ocrx_word' id='word_1_169' title='bbox 262 1779 313 1844; x_wconf 85' lang='grc' dir='ltr'><strong><em>καὶ</em></strong></span> <span class='ocrx_word' id='word_1_170' title='bbox 336 1778 607 1885; x_wconf 78' lang='grc' dir='ltr'><strong><em>συμπεριπολορίσας</em></strong></span> <span class='ocrx_word' id='word_1_171' title='bbox 627 1774 727 1843; x_wconf 83' lang='grc' dir='ltr'><strong><em>καλ</em></strong></span> <span class='ocrx_word' id='word_1_172' title='bbox 698 1804 730 1843; x_wconf 91' lang='grc' dir='ltr'><strong><em>το</em></strong></span> <span class='ocrx_word' id='word_1_173' title='bbox 750 1786 802 1882; x_wconf 69' lang='grc' dir='ltr'><strong><em>τῆς</em></strong></span> <span class='ocrx_word' id='word_1_174' title='bbox 827 1772 967 1879; x_wconf 86' lang='grc' dir='ltr'><strong><em>σἰληθείας</em></strong></span> <span class='ocrx_word' id='word_1_175' title='bbox 988 1788 1089 1847; x_wconf 81' lang='grc' dir='ltr'><strong><em>πεδίον</em></strong></span> 
     </span>
     <span class='ocr_line' id='line_1_20' title="bbox 85 1809 1091 1968; baseline -0.001 -37.999"><span class='ocrx_word' id='word_1_176' title='bbox 85 1809 247 1968; x_wconf 57' lang='grc' dir='ltr'><strong><em>όεωμένας,</em></strong></span> <span class='ocrx_word' id='word_1_177' title='bbox 267 1865 329 1928; x_wconf 87' lang='grc' dir='ltr'><strong><em>ἐπεί</em></strong></span> <span class='ocrx_word' id='word_1_178' title='bbox 326 1887 380 1948; x_wconf 87' lang='grc' dir='ltr'><strong><em>περ</em></strong></span> <span class='ocrx_word' id='word_1_179' title='bbox 397 1865 447 1928; x_wconf 83' lang='grc' dir='ltr'><strong><em>καλ</em></strong></span> <span class='ocrx_word' id='word_1_180' title='bbox 459 1865 491 1928; x_wconf 86' lang='grc' dir='ltr'><strong><em>ἐν</em></strong></span> <span class='ocrx_word' id='word_1_181' title='bbox 506 1890 546 1953; x_wconf 85' lang='grc' dir='ltr'><strong><em>ιφ</em></strong></span> <span class='ocrx_word' id='word_1_182' title='bbox 534 1870 615 1951; x_wconf 74' lang='grc' dir='ltr'><strong><em>ζῇν</em></strong></span> <span class='ocrx_word' id='word_1_183' title='bbox 630 1866 745 1965; x_wconf 86' lang='grc' dir='ltr'><strong><em>ἐφίεντο</em></strong></span> <span class='ocrx_word' id='word_1_184' title='bbox 758 1887 821 1968; x_wconf 81' lang='grc' dir='ltr'><strong><em>τχς</em></strong></span> <span class='ocrx_word' id='word_1_185' title='bbox 827 1857 1035 1965; x_wconf 79' lang='grc' dir='ltr'><strong><em>ἐττιστημης’</em></strong></span> <span class='ocrx_word' id='word_1_186' title='bbox 998 1873 1091 1966; x_wconf 81' lang='grc' dir='ltr'><strong><em>αρτοῦ</em></strong></span> 
     </span>
     <span class='ocr_line' id='line_1_21' title="bbox 87 1936 1091 2055; baseline -0.002 -42"><span class='ocrx_word' id='word_1_187' title='bbox 87 1944 186 2014; x_wconf 80' lang='grc' dir='ltr'><strong><em>καί</em></strong></span> <span class='ocrx_word' id='word_1_188' title='bbox 155 1976 210 2031; x_wconf 91' lang='grc' dir='ltr'><strong><em>την</em></strong></span> <span class='ocrx_word' id='word_1_189' title='bbox 226 1943 461 2032; x_wconf 76' lang='grc' dir='ltr'><strong><em>ἐπιτήδευσιν’</em></strong></span> <span class='ocrx_word' id='word_1_190' title='bbox 424 1973 515 2013; x_wconf 90' lang='grc' dir='ltr'><strong><em>αυτον</em></strong></span> <span class='ocrx_word' id='word_1_191' title='bbox 502 1943 745 2055; x_wconf 82' lang='grc' dir='ltr'><strong><em>προετίμων,</em></strong></span> <span class='ocrx_word' id='word_1_192' title='bbox 729 1941 780 2028; x_wconf 87' lang='grc' dir='ltr'><strong><em>αφ’</em></strong></span> <span class='ocrx_word' id='word_1_193' title='bbox 800 1936 836 2030; x_wconf 76' lang='grc' dir='ltr'><strong><em>ἦς</em></strong></span> <span class='ocrx_word' id='word_1_194' title='bbox 853 1941 962 2051; x_wconf 77' lang='grc' dir='ltr'><strong><em>ρόσπερ</em></strong></span> <span class='ocrx_word' id='word_1_195' title='bbox 963 1971 991 2008; x_wconf 94' lang='grc' dir='ltr'><strong><em>τι</em></strong></span> <span class='ocrx_word' id='word_1_196' title='bbox 1007 1942 1091 2050; x_wconf 84' lang='grc' dir='ltr'><strong><em>ὄμμα</em></strong></span> 
     </span>
    </p>

    <p class='ocr_par' dir='ltr' id='par_1_6' title="bbox 64 2025 1090 2556">
     <span class='ocr_line' id='line_1_22' title="bbox 64 2025 1090 2144; baseline 0 -48"><span class='ocrx_word' id='word_1_197' title='bbox 64 2064 68 2070; x_wconf 93' lang='grc'>·</span> <span class='ocrx_word' id='word_1_198' title='bbox 87 2040 185 2144; x_wconf 77' lang='grc' dir='ltr'><strong><em>φιρχῆς</em></strong></span> <span class='ocrx_word' id='word_1_199' title='bbox 204 2034 464 2138; x_wconf 85' lang='grc' dir='ltr'><strong><em>ἐκκαθηραμένους</em></strong></span> <span class='ocrx_word' id='word_1_200' title='bbox 480 2035 531 2097; x_wconf 83' lang='grc' dir='ltr'><strong><em>καί</em></strong></span> <span class='ocrx_word' id='word_1_201' title='bbox 545 2028 832 2138; x_wconf 77' lang='grc' dir='ltr'><strong><em>σἰναζωπρρήσανπας</em></strong></span> <span class='ocrx_word' id='word_1_202' title='bbox 848 2025 1053 2133; x_wconf 86' lang='grc' dir='ltr'><strong><em>απολλυμενον</em></strong></span> <span class='ocrx_word' id='word_1_203' title='bbox 1062 2057 1090 2096; x_wconf 87' lang='grc' dir='ltr'><strong><em>τε</em></strong></span> 
     </span>
     <span class='ocr_line' id='line_1_23' title="bbox 66 2108 1087 2221; baseline 0 -40"><span class='ocrx_word' id='word_1_204' title='bbox 66 2150 69 2154; x_wconf 92' lang='grc'><em>·</em></span> <span class='ocrx_word' id='word_1_205' title='bbox 87 2144 139 2182; x_wconf 87' lang='grc' dir='ltr'><strong><em>και</em></strong></span> <span class='ocrx_word' id='word_1_206' title='bbox 129 2112 418 2221; x_wconf 81' lang='grc' dir='ltr'><strong><em>’όπρτυφλοόμενον</em></strong></span> <span class='ocrx_word' id='word_1_207' title='bbox 436 2126 568 2201; x_wconf 85' lang='grc' dir='ltr'><strong><em>κρεῖττον</em></strong></span> <span class='ocrx_word' id='word_1_208' title='bbox 591 2113 627 2183; x_wconf 82' lang='grc' dir='ltr'><strong><em>όν</em></strong></span> <span class='ocrx_word' id='word_1_209' title='bbox 644 2115 789 2194; x_wconf 80' lang='grc' dir='ltr'><strong><em>σώζεσθαι</em></strong></span> <span class='ocrx_word' id='word_1_210' title='bbox 804 2108 955 2200; x_wconf 89' lang='grc' dir='ltr'><strong><em>μυρίων’</em></strong></span> <span class='ocrx_word' id='word_1_211' title='bbox 938 2115 1087 2221; x_wconf 84' lang='grc' dir='ltr'><strong><em>ομμότων,</em></strong></span> 
     </span>
     <span class='ocr_line' id='line_1_24' title="bbox 66 2196 1088 2309; baseline -0.002 -43"><span class='ocrx_word' id='word_1_212' title='bbox 66 2232 70 2237; x_wconf 94' lang='grc'><em>·</em></span> <span class='ocrx_word' id='word_1_213' title='bbox 89 2196 233 2306; x_wconf 70' lang='grc' dir='ltr'><strong><em>δυνατορς</em></strong></span> <span class='ocrx_word' id='word_1_214' title='bbox 252 2205 390 2284; x_wconf 78' lang='grc' dir='ltr'><strong><em>γίνεσθαι</em></strong></span> <span class='ocrx_word' id='word_1_215' title='bbox 409 2202 605 2309; x_wconf 78' lang='grc' dir='ltr'><strong><em>ἐπορέξασθαι</em></strong></span> <span class='ocrx_word' id='word_1_216' title='bbox 626 2211 677 2283; x_wconf 77' lang='grc' dir='ltr'><strong><em>τῆς</em></strong></span> <span class='ocrx_word' id='word_1_217' title='bbox 692 2207 745 2265; x_wconf 82' lang='grc' dir='ltr'><strong><em>τοῦ</em></strong></span> <span class='ocrx_word' id='word_1_218' title='bbox 766 2205 887 2305; x_wconf 71' lang='grc' dir='ltr'><strong><em>λοχρκορό</em></strong></span> <span class='ocrx_word' id='word_1_219' title='bbox 902 2196 1012 2304; x_wconf 83' lang='grc' dir='ltr'><strong><em>πριντός</em></strong></span> <span class='ocrx_word' id='word_1_220' title='bbox 1032 2197 1088 2283; x_wconf 85' lang='grc' dir='ltr'><strong><em>φό-</em></strong></span> 
     </span>
     <span class='ocr_line' id='line_1_25' title="bbox 89 2278 1088 2394; baseline -0.002 -46"><span class='ocrx_word' id='word_1_221' title='bbox 89 2307 169 2360; x_wconf 91' lang='grc' dir='ltr'><strong><em>σεως.</em></strong></span> <span class='ocrx_word' id='word_1_222' title='bbox 194 2281 366 2365; x_wconf 78' lang='grc' dir='ltr'><strong><em>ὦμοιῶσθαι</em></strong></span> <span class='ocrx_word' id='word_1_223' title='bbox 375 2279 442 2394; x_wconf 80' lang='grc' dir='ltr'><strong><em>χόρ</em></strong></span> <span class='ocrx_word' id='word_1_224' title='bbox 457 2281 525 2361; x_wconf 73' lang='grc' dir='ltr'><strong><em>τοτἰς</em></strong></span> <span class='ocrx_word' id='word_1_225' title='bbox 543 2285 676 2392; x_wconf 83' lang='grc' dir='ltr'><strong><em>όφρονας</em></strong></span> <span class='ocrx_word' id='word_1_226' title='bbox 690 2291 751 2359; x_wconf 86' lang='grc' dir='ltr'><strong><em>τοῖς</em></strong></span> <span class='ocrx_word' id='word_1_227' title='bbox 767 2279 825 2348; x_wconf 85' lang='grc' dir='ltr'><strong><em>υπό</em></strong></span> <span class='ocrx_word' id='word_1_228' title='bbox 844 2290 901 2384; x_wconf 80' lang='grc' dir='ltr'><strong><em>χην</em></strong></span> <span class='ocrx_word' id='word_1_229' title='bbox 918 2278 1088 2390; x_wconf 70' lang='grc' dir='ltr'><strong><em>ἀνθρώποις</em></strong></span> 
     </span>
     <span class='ocr_line' id='line_1_26' title="bbox 89 2363 1087 2474; baseline 0.001 -43"><span class='ocrx_word' id='word_1_230' title='bbox 89 2369 317 2470; x_wconf 81' lang='grc' dir='ltr'><strong><em>κατφκρσμένοις</em></strong></span> <span class='ocrx_word' id='word_1_231' title='bbox 342 2371 394 2431; x_wconf 91' lang='grc' dir='ltr'><strong><em>και</em></strong></span> <span class='ocrx_word' id='word_1_232' title='bbox 419 2376 492 2474; x_wconf 81' lang='grc' dir='ltr'><strong><em>φῶς</em></strong></span> <span class='ocrx_word' id='word_1_233' title='bbox 507 2369 561 2450; x_wconf 71' lang='grc' dir='ltr'><strong><em>μὲν</em></strong></span> <span class='ocrx_word' id='word_1_234' title='bbox 586 2369 727 2472; x_wconf 82' lang='grc' dir='ltr'><strong><em>μηδέποτε</em></strong></span> <span class='ocrx_word' id='word_1_235' title='bbox 744 2363 904 2471; x_wconf 87' lang='grc' dir='ltr'><strong><em>λαμπρόν</em></strong></span> <span class='ocrx_word' id='word_1_236' title='bbox 914 2368 1087 2454; x_wconf 74' lang='grc' dir='ltr'><strong><em>ἑωρακόσιν,</em></strong></span> 
     </span>
     <span class='ocr_line' id='line_1_27' title="bbox 89 2430 1088 2558; baseline 0.003 -46"><span class='ocrx_word' id='word_1_237' title='bbox 89 2430 223 2532; x_wconf 80' lang='grc' dir='ltr'><strong><em>όμνδρίις</em></strong></span> <span class='ocrx_word' id='word_1_238' title='bbox 234 2453 268 2515; x_wconf 78' lang='grc' dir='ltr'><strong><em>δέ</em></strong></span> <span class='ocrx_word' id='word_1_239' title='bbox 281 2477 362 2525; x_wconf 90' lang='grc' dir='ltr'><strong><em>τινας</em></strong></span> <span class='ocrx_word' id='word_1_240' title='bbox 378 2447 464 2526; x_wconf 76' lang='grc' dir='ltr'><strong><em>σκιὰς</em></strong></span> <span class='ocrx_word' id='word_1_241' title='bbox 480 2447 569 2556; x_wconf 81' lang='grc' dir='ltr'><strong><em>όρῶσι</em></strong></span> <span class='ocrx_word' id='word_1_242' title='bbox 585 2458 644 2515; x_wconf 81' lang='grc' dir='ltr'><strong><em>τῶν</em></strong></span> <span class='ocrx_word' id='word_1_243' title='bbox 651 2444 725 2557; x_wconf 85' lang='grc' dir='ltr'><strong><em>παρ’</em></strong></span> <span class='ocrx_word' id='word_1_244' title='bbox 738 2446 978 2558; x_wconf 77' lang='grc' dir='ltr'><strong><em>ἡμινσρομοίρων,</em></strong></span> <span class='ocrx_word' id='word_1_245' title='bbox 995 2453 1088 2557; x_wconf 86' lang='grc' dir='ltr'><strong><em>ρίομέ-</em></strong></span> 
     </span>
    </p>

    <p class='ocr_par' dir='ltr' id='par_1_7' title="bbox 64 2529 1091 3461">
     <span class='ocr_line' id='line_1_28' title="bbox 64 2529 1089 2641; baseline 0.001 -45"><span class='ocrx_word' id='word_1_246' title='bbox 64 2560 70 2569; x_wconf 77' lang='grc'>’</span> <span class='ocrx_word' id='word_1_247' title='bbox 89 2557 151 2608; x_wconf 88' lang='grc' dir='ltr'><strong><em>νοις</em></strong></span> <span class='ocrx_word' id='word_1_248' title='bbox 168 2535 201 2598; x_wconf 78' lang='grc' dir='ltr'><strong><em>δέ</em></strong></span> <span class='ocrx_word' id='word_1_249' title='bbox 218 2541 319 2615; x_wconf 77' lang='grc' dir='ltr'><strong><em>σαφῶς</em></strong></span> <span class='ocrx_word' id='word_1_250' title='bbox 336 2529 614 2640; x_wconf 83' lang='grc' dir='ltr'><strong><em>όντιλαμβόνεσθαι</em></strong></span> <span class='ocrx_word' id='word_1_251' title='bbox 624 2561 684 2600; x_wconf 88' lang='grc' dir='ltr'><strong><em>των</em></strong></span> <span class='ocrx_word' id='word_1_252' title='bbox 698 2562 801 2604; x_wconf 86' lang='grc' dir='ltr'><strong><em>οντων.</em></strong></span> <span class='ocrx_word' id='word_1_253' title='bbox 830 2531 869 2641; x_wconf 72' lang='lat'><strong><em>69</em></strong></span> <span class='ocrx_word' id='word_1_254' title='bbox 885 2532 943 2620; x_wconf 83' lang='grc' dir='ltr'><strong><em>χόιρ</em></strong></span> <span class='ocrx_word' id='word_1_255' title='bbox 960 2536 1089 2638; x_wconf 84' lang='grc' dir='ltr'><strong><em>κρότους,</em></strong></span> 
     </span>
     <span class='ocr_line' id='line_1_29' title="bbox 68 2614 1089 2702; baseline -0.002 -22"><span class='ocrx_word' id='word_1_256' title='bbox 68 2613 230 2700; x_wconf 83' lang='grc' dir='ltr'><strong><em>τυχόντας</em></strong></span> <span class='ocrx_word' id='word_1_257' title='bbox 250 2625 301 2701; x_wconf 79' lang='grc' dir='ltr'><strong><em>τῆς</em></strong></span> <span class='ocrx_word' id='word_1_258' title='bbox 323 2618 356 2682; x_wconf 88' lang='grc' dir='ltr'><strong><em>ἐκ</em></strong></span> <span class='ocrx_word' id='word_1_259' title='bbox 375 2645 427 2683; x_wconf 88' lang='grc' dir='ltr'><strong><em>του</em></strong></span> <span class='ocrx_word' id='word_1_260' title='bbox 414 2618 536 2702; x_wconf 82' lang='grc' dir='ltr'><strong><em>ζόφου</em></strong></span> <span class='ocrx_word' id='word_1_261' title='bbox 558 2614 669 2686; x_wconf 82' lang='grc' dir='ltr'><strong><em>όνόδου</em></strong></span> <span class='ocrx_word' id='word_1_262' title='bbox 692 2624 744 2686; x_wconf 84' lang='grc' dir='ltr'><strong><em>καί</em></strong></span> <span class='ocrx_word' id='word_1_263' title='bbox 766 2616 849 2697; x_wconf 82' lang='grc' dir='ltr'><strong><em>εἰς’</em></strong></span> <span class='ocrx_word' id='word_1_264' title='bbox 821 2645 852 2684; x_wconf 94' lang='grc' dir='ltr'><strong><em>το</em></strong></span> <span class='ocrx_word' id='word_1_265' title='bbox 872 2615 1009 2701; x_wconf 85' lang='grc' dir='ltr'><strong><em>καθαρόν</em></strong></span> <span class='ocrx_word' id='word_1_266' title='bbox 1026 2624 1089 2696; x_wconf 81' lang='grc' dir='ltr'><strong><em>φῶς</em></strong></span> 
     </span>
     <span class='ocr_line' id='line_1_30' title="bbox 90 2697 1090 2810; baseline -0.001 -46"><span class='ocrx_word' id='word_1_267' title='bbox 90 2701 307 2807; x_wconf 81' lang='grc' dir='ltr'><strong><em>προρλθόντας,</em></strong></span> <span class='ocrx_word' id='word_1_268' title='bbox 320 2697 449 2808; x_wconf 69' lang='grc' dir='ltr'><strong><em>εὐλόγως</em></strong></span> <span class='ocrx_word' id='word_1_269' title='bbox 467 2703 711 2810; x_wconf 73' lang='grc' dir='ltr'><strong><em>καταγνώσεσθαι</em></strong></span> <span class='ocrx_word' id='word_1_270' title='bbox 725 2712 785 2770; x_wconf 79' lang='grc' dir='ltr'><strong><em>τῶν</em></strong></span> <span class='ocrx_word' id='word_1_271' title='bbox 795 2700 860 2810; x_wconf 76' lang='grc' dir='ltr'><strong><em>τότε</em></strong></span> <span class='ocrx_word' id='word_1_272' title='bbox 875 2704 1027 2784; x_wconf 75' lang='grc' dir='ltr'><strong><em>φανέντων</em></strong></span> <span class='ocrx_word' id='word_1_273' title='bbox 1039 2701 1090 2802; x_wconf 83' lang='grc' dir='ltr'><strong><em>κριὶ</em></strong></span> 
     </span>
     <span class='ocr_line' id='line_1_31' title="bbox 89 2780 1090 2894; baseline 0 -47"><span class='ocrx_word' id='word_1_274' title='bbox 89 2782 164 2848; x_wconf 87' lang='grc' dir='ltr'><strong><em>πολύ</em></strong></span> <span class='ocrx_word' id='word_1_275' title='bbox 192 2785 325 2870; x_wconf 88' lang='grc' dir='ltr'><strong><em>πρόσθεν</em></strong></span> <span class='ocrx_word' id='word_1_276' title='bbox 351 2781 449 2853; x_wconf 69' lang='grc' dir='ltr'><strong><em>αὐτῶν</em></strong></span> <span class='ocrx_word' id='word_1_277' title='bbox 471 2785 510 2865; x_wconf 83' lang='grc' dir='ltr'><strong><em>ὦς</em></strong></span> <span class='ocrx_word' id='word_1_278' title='bbox 532 2792 780 2894; x_wconf 79' lang='grc' dir='ltr'><strong><em>ἐξηπατημένων</em></strong></span> <span class='ocrx_word' id='word_1_279' title='bbox 803 2787 880 2854; x_wconf 71' lang='grc' dir='ltr'><strong><em>οὕτω</em></strong></span> <span class='ocrx_word' id='word_1_280' title='bbox 900 2787 932 2849; x_wconf 78' lang='lat'><strong><em>66</em></strong></span> <span class='ocrx_word' id='word_1_281' title='bbox 952 2786 1002 2846; x_wconf 79' lang='grc' dir='ltr'><strong><em>καί</em></strong></span> <span class='ocrx_word' id='word_1_282' title='bbox 1022 2780 1090 2858; x_wconf 74' lang='grc' dir='ltr'><strong><em>τοὺς</em></strong></span> 
     </span>
     <span class='ocr_line' id='line_1_32' title="bbox 90 2861 1090 2979; baseline -0.003 -46"><span class='ocrx_word' id='word_1_283' title='bbox 90 2861 149 2933; x_wconf 76' lang='grc' dir='ltr'><strong><em>οἶπὸ</em></strong></span> <span class='ocrx_word' id='word_1_284' title='bbox 166 2870 353 2976; x_wconf 57' lang='grc' dir='ltr'><strong><em>βιωτικρῦξ</em></strong></span> <span class='ocrx_word' id='word_1_285' title='bbox 321 2882 413 2956; x_wconf 82' lang='grc' dir='ltr'><strong><em>ζοφου</em></strong></span> <span class='ocrx_word' id='word_1_286' title='bbox 418 2878 655 2979; x_wconf 84' lang='grc' dir='ltr'><strong><em>μεταβαίνοντας</em></strong></span> <span class='ocrx_word' id='word_1_287' title='bbox 671 2869 765 2940; x_wconf 83' lang='grc' dir='ltr'><strong><em>ἐπί</em></strong></span> <span class='ocrx_word' id='word_1_288' title='bbox 733 2901 769 2939; x_wconf 91' lang='grc' dir='ltr'><strong><em>τα</em></strong></span> <span class='ocrx_word' id='word_1_289' title='bbox 784 2899 839 2936; x_wconf 89' lang='grc' dir='ltr'><strong><em>κατ</em></strong></span> <span class='ocrx_word' id='word_1_290' title='bbox 837 2865 1090 2952; x_wconf 76' lang='grc' dir='ltr'><strong><em>’σἰλήθειανθεῐα</em></strong></span> 
     </span>
     <span class='ocr_line' id='line_1_33' title="bbox 90 2949 1090 3108; baseline -0.001 -92"><span class='ocrx_word' id='word_1_291' title='bbox 90 2953 141 3016; x_wconf 81' lang='grc' dir='ltr'><strong><em>καί</em></strong></span> <span class='ocrx_word' id='word_1_292' title='bbox 159 2949 235 3016; x_wconf 77' lang='grc' dir='ltr'><strong><em>καλὰ</em></strong></span> <span class='ocrx_word' id='word_1_293' title='bbox 250 2962 309 3018; x_wconf 83' lang='grc' dir='ltr'><strong><em>τῶν</em></strong></span> <span class='ocrx_word' id='word_1_294' title='bbox 319 2960 372 3040; x_wconf 71' lang='grc' dir='ltr'><strong><em>μὲν</em></strong></span> <span class='ocrx_word' id='word_1_295' title='bbox 384 2957 477 3024; x_wconf 83' lang='grc' dir='ltr'><strong><em>πόλαι</em></strong></span> <span class='ocrx_word' id='word_1_296' title='bbox 486 2952 771 3108; x_wconf 81' lang='grc' dir='ltr'><strong><em>θαυμαρθέντων’</em></strong></span> <span class='ocrx_word' id='word_1_297' title='bbox 735 2965 834 3031; x_wconf 84' lang='grc' dir='ltr'><strong><em>αυτοῖς</em></strong></span> <span class='ocrx_word' id='word_1_298' title='bbox 844 2953 1090 3056; x_wconf 74' lang='grc' dir='ltr'><strong><em>καταφρονήσειν,</em></strong></span> 
     </span>
     <span class='ocr_line' id='line_1_34' title="bbox 89 3032 1090 3148; baseline -0.011 -38"><span class='ocrx_word' id='word_1_299' title='bbox 89 3043 141 3118; x_wconf 73' lang='grc' dir='ltr'><strong><em>τῆς</em></strong></span> <span class='ocrx_word' id='word_1_300' title='bbox 152 3037 184 3100; x_wconf 82' lang='grc' dir='ltr'><strong><em>δὲ</em></strong></span> <span class='ocrx_word' id='word_1_301' title='bbox 198 3032 310 3101; x_wconf 77' lang='grc' dir='ltr'><strong><em>τούτων</em></strong></span> <span class='ocrx_word' id='word_1_302' title='bbox 319 3047 447 3146; x_wconf 86' lang='grc' dir='ltr'><strong><em>θεωρίρις</em></strong></span> <span class='ocrx_word' id='word_1_303' title='bbox 463 3045 607 3146; x_wconf 81' lang='grc' dir='ltr'><strong><em>σφοδροτέ</em></strong></span> <span class='ocrx_word' id='word_1_304' title='bbox 607 3069 674 3148; x_wconf 91' lang='grc' dir='ltr'><strong><em>ραν</em></strong></span> <span class='ocrx_word' id='word_1_305' title='bbox 672 3046 744 3122; x_wconf 72' lang='grc' dir='ltr'><strong><em>ἕξειν</em></strong></span> <span class='ocrx_word' id='word_1_306' title='bbox 760 3038 871 3145; x_wconf 85' lang='grc' dir='ltr'><strong><em>όρεξιν</em></strong></span> <span class='ocrx_word' id='word_1_307' title='bbox 896 3034 942 3141; x_wconf 84' lang='grc' dir='ltr'><strong><em>ρίς</em></strong></span> <span class='ocrx_word' id='word_1_308' title='bbox 953 3034 1090 3142; x_wconf 77' lang='grc' dir='ltr'><strong><em>συνφὸρν</em></strong></span> 
     </span>
     <span class='ocr_line' id='line_1_35' title="bbox 92 3104 1091 3230; baseline 0.003 -48"><span class='ocrx_word' id='word_1_309' title='bbox 92 3115 201 3183; x_wconf 84' lang='grc' dir='ltr'><strong><em>ἐστι</em></strong></span> <span class='ocrx_word' id='word_1_310' title='bbox 171 3146 204 3186; x_wconf 88' lang='grc' dir='ltr'><strong><em>το</em></strong></span> <span class='ocrx_word' id='word_1_311' title='bbox 221 3121 387 3224; x_wconf 86' lang='grc' dir='ltr'><strong><em>λέχειν,’</em></strong></span> <span class='ocrx_word' id='word_1_312' title='bbox 350 3121 422 3227; x_wconf 71' lang='grc' dir='ltr'><strong><em>αυτρ</em></strong></span> <span class='ocrx_word' id='word_1_313' title='bbox 439 3124 530 3230; x_wconf 77' lang='grc' dir='ltr'><strong><em>μόνον</em></strong></span> <span class='ocrx_word' id='word_1_314' title='bbox 552 3123 674 3190; x_wconf 78' lang='grc' dir='ltr'><strong><em>εἶναι’</em></strong></span> <span class='ocrx_word' id='word_1_315' title='bbox 642 3153 675 3191; x_wconf 90' lang='grc' dir='ltr'><strong><em>το</em></strong></span> <span class='ocrx_word' id='word_1_316' title='bbox 698 3120 791 3191; x_wconf 86' lang='grc' dir='ltr'><strong><em>καλὸν</em></strong></span> <span class='ocrx_word' id='word_1_317' title='bbox 812 3118 945 3229; x_wconf 75' lang='grc' dir='ltr'><strong><em>ἆχαθόν,</em></strong></span> <span class='ocrx_word' id='word_1_318' title='bbox 966 3104 1068 3186; x_wconf 68' lang='lat'>606*</span> <span class='ocrx_word' id='word_1_319' title='bbox 1037 3146 1091 3204; x_wconf 91' lang='grc' dir='ltr'><strong><em>την</em></strong></span> 
     </span>
     <span class='ocr_line' id='line_1_36' title="bbox 92 3197 1091 3312; baseline 0.002 -43"><span class='ocrx_word' id='word_1_320' title='bbox 92 3198 198 3285; x_wconf 75' lang='grc' dir='ltr'><strong><em>ἆρετίχν</em></strong></span> <span class='ocrx_word' id='word_1_321' title='bbox 215 3197 346 3288; x_wconf 77' lang='grc' dir='ltr'><strong><em>αὖταρκῇ</em></strong></span> <span class='ocrx_word' id='word_1_322' title='bbox 362 3203 436 3311; x_wconf 75' lang='grc' dir='ltr'><strong><em>πρὸς</em></strong></span> <span class='ocrx_word' id='word_1_323' title='bbox 446 3205 644 3312; x_wconf 75' lang='grc' dir='ltr'><strong><em>εὐδαιμονίαν,</em></strong></span> <span class='ocrx_word' id='word_1_324' title='bbox 663 3213 714 3274; x_wconf 81' lang='grc' dir='ltr'><strong><em>καί</em></strong></span> <span class='ocrx_word' id='word_1_325' title='bbox 725 3208 802 3274; x_wconf 86' lang='grc' dir='ltr'><strong><em>διότι</em></strong></span> <span class='ocrx_word' id='word_1_326' title='bbox 818 3201 910 3289; x_wconf 79' lang='grc' dir='ltr'><strong><em>μὲν</em></strong></span> <span class='ocrx_word' id='word_1_327' title='bbox 880 3232 913 3270; x_wconf 88' lang='grc' dir='ltr'><strong><em>το</em></strong></span> <span class='ocrx_word' id='word_1_328' title='bbox 912 3202 1091 3312; x_wconf 82' lang='grc' dir='ltr'><strong><em>ἆχαθόνέν</em></strong></span> 
     </span>
     <span class='ocr_line' id='line_1_37' title="bbox 46 3287 1090 3399; baseline 0.008 -51.374"><span class='ocrx_word' id='word_1_329' title='bbox 46 3287 244 3395; x_wconf 79' lang='grc' dir='ltr'><strong><em>ἐπιστήμη</em></strong></span> <span class='ocrx_word' id='word_1_330' title='bbox 244 3293 296 3353; x_wconf 79' lang='grc' dir='ltr'><strong><em>τοῦ</em></strong></span> <span class='ocrx_word' id='word_1_331' title='bbox 309 3289 427 3396; x_wconf 89' lang='grc' dir='ltr'><strong><em>προότου</em></strong></span> <span class='ocrx_word' id='word_1_332' title='bbox 438 3294 488 3354; x_wconf 79' lang='grc' dir='ltr'><strong><em>καὶ</em></strong></span> <span class='ocrx_word' id='word_1_333' title='bbox 499 3290 589 3358; x_wconf 87' lang='grc' dir='ltr'><strong><em>καλόν</em></strong></span> <span class='ocrx_word' id='word_1_334' title='bbox 601 3296 681 3399; x_wconf 87' lang='grc' dir='ltr'><strong><em>ἐστι,</em></strong></span> <span class='ocrx_word' id='word_1_335' title='bbox 693 3288 728 3358; x_wconf 80' lang='grc' dir='ltr'><strong><em>δι’</em></strong></span> <span class='ocrx_word' id='word_1_336' title='bbox 741 3290 820 3358; x_wconf 79' lang='grc' dir='ltr'><strong><em>ὅλων</em></strong></span> <span class='ocrx_word' id='word_1_337' title='bbox 830 3290 995 3371; x_wconf 67' lang='grc' dir='ltr'><strong><em>συντάξεων</em></strong></span> <span class='ocrx_word' id='word_1_338' title='bbox 1007 3289 1090 3373; x_wconf 77' lang='grc' dir='ltr'><strong><em>δεδή-</em></strong></span> 
     </span>
     <span class='ocr_line' id='line_1_38' title="bbox 92 3370 1089 3464; baseline 0.006 -32"><span class='ocrx_word' id='word_1_339' title='bbox 92 3374 196 3453; x_wconf 87' lang='grc' dir='ltr'><strong><em>λωται,</em></strong></span> <span class='ocrx_word' id='word_1_340' title='bbox 212 3401 248 3438; x_wconf 92' lang='grc' dir='ltr'><strong><em>τα</em></strong></span> <span class='ocrx_word' id='word_1_341' title='bbox 236 3370 292 3437; x_wconf 76' lang='grc' dir='ltr'><strong><em>’δὲ</em></strong></span> <span class='ocrx_word' id='word_1_342' title='bbox 303 3371 378 3440; x_wconf 80' lang='grc' dir='ltr'><strong><em>κατὰ</em></strong></span> <span class='ocrx_word' id='word_1_343' title='bbox 389 3372 511 3458; x_wconf 77' lang='grc' dir='ltr'><strong><em>μετοχὴν</em></strong></span> <span class='ocrx_word' id='word_1_344' title='bbox 522 3378 605 3463; x_wconf 78' lang='grc' dir='ltr'><strong><em>ἐντῷ</em></strong></span> <span class='ocrx_word' id='word_1_345' title='bbox 615 3376 721 3464; x_wconf 79' lang='grc' dir='ltr'><strong><em>κρότῳ</em></strong></span> <span class='ocrx_word' id='word_1_346' title='bbox 733 3384 792 3441; x_wconf 79' lang='grc' dir='ltr'><strong><em>τῶν</em></strong></span> <span class='ocrx_word' id='word_1_347' title='bbox 803 3373 964 3457; x_wconf 75' lang='grc' dir='ltr'><strong><em>Νόμων“</em></strong></span> <span class='ocrx_word' id='word_1_348' title='bbox 927 3403 1005 3444; x_wconf 88' lang='grc' dir='ltr'><strong><em>ουτω</em></strong></span> <span class='ocrx_word' id='word_1_349' title='bbox 1015 3399 1089 3451; x_wconf 87' lang='grc' dir='ltr'><strong><em>πως</em></strong></span> 
     </span>
    </p>
   </div>
   <div class='ocr_carea' id='block_1_4' title="bbox 68 3514 105 3535">
    <p class='ocr_par' dir='ltr' id='par_1_8' title="bbox 68 3514 105 3535">
     <span class='ocr_line' id='line_1_39' title="bbox 68 3514 105 3535; baseline 0 0"><span class='ocrx_word' id='word_1_350' title='bbox 68 3514 105 3535; x_wconf 70' lang='lat' dir='ltr'><strong><em>hu.</em></strong></span> 
     </span>
    </p>
   </div>
   <div class='ocr_carea' id='block_1_5' title="bbox 0 0 1219 3764">
    <p class='ocr_par' dir='ltr' id='par_1_9' title="bbox 0 0 1219 3764">
     <span class='ocr_line' id='line_1_40' title="bbox 0 0 1219 3764; baseline 0 0"><span class='ocrx_word' id='word_1_351' title='bbox 0 0 1219 3764; x_wconf 95' lang='lat' dir='ltr'><strong><em> </em></strong></span> 
     </span>
    </p>
   </div>
  </div>
 </body>
</html>
