2408 3764
396 195 719 278 ωαιενοιιιεγ.
1028 212 1071 279 ³3

55 395 159 457 μενος
173 371 259 458 ῥᾷον
271 364 439 456 Ἱέρωνος·
462 362 644 434 τούτωνδ’
664 391 708 433 αυ
696 358 923 458 γενομένων
939 371 1027 443 δι”
1007 402 1072 445 αν-

56 468 139 556 δρός
146 466 284 538 δικαίου
295 494 331 538 τε
342 463 531 586 καὶάνδρεί
530 491 572 533 ου
516 464 642 533 ίκαὶ
660 464 837 552 σώφρονος
854 476 911 543 καὶ
921 477 1067 561 φιλοσό.
1084 476 1104 527 Β

56 595 130 656 φου,
139 566 203 654 τὴν
215 565 324 654 αῦτην
336 565 457 654 ἀρετης
468 559 513 632 ἀν
524 565 601 650 πέρι
614 564 775 647 γενέσθαι
787 569 890 651 δόξαν
901 586 971 653 τοῖς
984 581 1070 642 πολ-

55 665 174 755 λοῖς,“
151 690 238 755 ηπερ
249 663 334 754 &im
317 670 348 734 εί
364 660 553 739 Διονῦσιος
570 662 723 747 ἐπείσθη,
742 663 831 749 παρὰ
849 674 952 738 πᾶσιν
967 666 1011 739 ἀν
1023 696 1073 790 ωρ

57 772 137 849 ἔπος
148 772 256 837 εἰπεῖν
267 763 468 851 ἀνθρώποις
477 758 631 827 ἀπέσωσε
641 763 819 880 γενομένη.
839 771 906 832 νῦν
918 766 988 854 δδῆ
998 766 1067 837 ποῦ

56 892 107 947 τις
120 862 284 987 δαίμων”
261 891 283 949 η
295 889 347 941 τις
359 858 531 944 ἀλιτήριος
542 853 699 941 ἐμπεσόν
710 854 834 981 ἀνομίᾳ
845 861 901 927 καὶ
911 861 1067 953 ἀθεότητι

55 969 114 1034 καὶ
124 991 164 1034 το
151 964 337 1051 μέγιστον
347 957 486 1044 τόλμαις
497 953 654 1044 ἀμαθίας,
666 959 700 1038 ἐξ
718 950 761 1047 ἧς
776 957 888 1026 πάντα
902 959 987 1027 κακὰ
1003 971 1069 1031 πᾶ-

55 1082 120 1133 σιν
130 1062 304 1182 ἐρρίζωται
327 1058 384 1124 καί
403 1054 581 1143 βλαστάνει
601 1055 659 1123 καί
678 1060 725 1136 είς
745 1053 894 1143 ὕστερον
916 1053 1071 1138 ἀποτελεῖ

55 1161 195 1249 καρπόν
211 1169 281 1237 τοῖς
291 1156 472 1242 γεννήσασι
483 1153 697 1242 πικρότατον,
710 1152 797 1241 αντη
808 1156 920 1224 πάντα
931 1154 969 1224 τό
988 1158 1071 1226 δεά-
1147 1152 1158 1169 “

56 1281 162 1346 τερον
175 1253 337 1342 ἀνέτρεφέ
349 1279 385 1321 τε
401 1253 459 1322 καὶ
476 1251 639 1326 ἀπάλεσε.
660 1259 729 1321 νῦν
745 1254 785 1322 δὲ
802 1253 845 1342 δὴ
862 1252 1070 1343 εὐφημῶμεν
1087 1268 1107 1319 c

58 1358 161 1445 χάριν
171 1359 294 1422 οίωνοῦ
306 1352 344 1422 τό
357 1362 488 1442 τρίτον·
501 1351 593 1441 ὅμως
604 1356 642 1422 δδ
653 1366 829 1443 μιμεῖσθαι
840 1357 904 1444 μὲν
914 1366 1070 1446 σνμβου-
1085 1393 1088 1398 ·
1170 1396 1174 1403 ·

57 1454 148 1524 λεῦω
159 1460 278 1524 Δίωνα
289 1449 372 1540 ῦμίν
384 1465 454 1532 τοῖς
465 1458 577 1539 φίλοις
587 1451 651 1540 τήν
661 1479 698 1521 τε
707 1459 767 1540 τῆς
782 1459 943 1543 πατρίδος
953 1454 1069 1525 εῦνοι-

56 1581 101 1622 αν
111 1555 169 1622 καὶ
178 1551 242 1639 τὴν
250 1558 311 1639 τῆς
320 1559 451 1638 τροφῆς
461 1551 771 1643 σοι’φροναδίαιταν
782 1554 837 1623 ἐπί
853 1560 954 1644 λῷον,
973 1552 1019 1636 ὡς
1031 1556 1069 1624 δέ

57 1652 212 1740 ὀρνίθων
221 1649 280 1732 τὰς
291 1651 424 1719 ἐκείνου
436 1653 615 1739 βουλήσεις
627 1658 811 1737 πειράσθω
829 1649 1022 1723 ἀποτελεῖν·
1034 1660 1071 1723 αἳ

58 1755 96 1821 δὲ
113 1745 212 1839 ἦσαν,
230 1748 397 1838 ἀκηκόατε
413 1748 495 1838 παρ’
517 1753 601 1838 ἐμοῦ
618 1757 754 1836 σαφοῦς·
775 1748 838 1819 τόν
853 1751 891 1819 δέ
904 1750 950 1838 μὴ
962 1755 1070 1822 δυνά·

58 1876 163 1938 μενον
177 1849 277 1938 ῦμῦν
294 1852 445 1937 Δωριστὶ
462 1855 522 1938 ζῇν
539 1850 624 1918 κατὰ
634 1847 681 1919 τόι
698 1848 834 1937 πάτρια,
852 1849 1021 1920 διώκοντα
1031 1853 1070 1920 δέ

58 1951 119 2019 τόν
140 1976 177 2020 τε
195 1957 266 2019 τῦν
282 1955 418 2030 Δίωνος
439 1950 599 2036 σφαγέων
619 1949 676 2016 καί
697 1946 759 2016 τόν
780 1946 963 2018 Σικελικόν
979 1957 1067 2038 βίον,
1086 1959 1107 2008 Ι)

58 2049 142 2138 μήτε
165 2057 371 2138 παρακαλεῖν
393 2048 476 2135 μήτε
499 2056 634 2115 οἴεσθαι
651 2045 771 2115 πιστόν
789 2043 833 2114 άν
849 2071 881 2115 τι
902 2053 959 2116 καί
974 2046 1070 2134 ῦγιές

59 2156 183 2238 πρᾶξαί
190 2175 288 2219 ποτε·
310 2146 391 2228 τοῦς
405 2147 443 2215 δὲ
454 2145 580 2227 ἀλλους
592 2155 799 2232 παρακαλεῖν
815 2148 870 2215 ἐπὶ
886 2147 1070 2233 πάσηςΣι-

58 2255 170 2326 κολίας
181 2245 401 2334 κατοικισμόν
411 2248 510 2317 τεκαὶ
520 2251 695 2332 ἰσονομίαν
706 2249 745 2312 ἐκ
754 2268 791 2312 τε
803 2243 1070 2331 αῦτηςΣιιιελίας

58 2373 100 2416 κα
101 2346 464 2433 ὶέκΠελοποννήσουξ
447 2335 868 2467 ξυμπάσης,φοβεῖσδαιδέ
874 2340 1069 2430 μηδὲἏθη-

59 2471 136 2524 νας·
161 2439 273 2510 εσλ
234 2469 299 2531 γαρ
318 2445 374 2512 καὶ
395 2447 465 2513 ἐκεῖ
484 2443 622 2513 πάντων
637 2441 833 2534 ἀνθρώπων
850 2445 1069 2532 διαφέροντες

60 2569 146 2632 προς
157 2565 282 2630 αρετην
293 2544 490 2629 ξενοφόνων
499 2570 536 2612 τε
547 2541 685 2634 ανδρων
696 2549 875 2632 μισουντες
885 2543 1019 2630 τολμας
1039 2547 1070 2609 εί

60 2640 93 2709 δ’
118 2632 185 2709 οῦν
204 2644 311 2706 ταῦτα
331 2638 439 2725 μδν“
415 2659 541 2729 νστερα
561 2639 732 2728 γίνοιτ”’
710 2668 765 2730 αν,
777 2645 1012 2723 κατεπείγουσι
1031 2638 1068 2705 δέ

59 2739 148 2828 ῦμάς
164 2742 201 2807 αί
211 2743 282 2806 τοῖν
297 2735 450 2805 στάσεων
467 2739 586 2806 πολλαὶ
602 2744 658 2806 καί
675 2739 886 2807 παντοδαπαὶ
900 2733 1070 2819 φυόμεναι
1086 2748 1107 2799 Ε

61 2835 240 2926 ἑκάστης“
222 2838 347 2926 ημέρας
369 2839 541 2956 διαφοραί,
565 2840 689 2904 εἰδέναι
711 2839 773 2923 μέν
791 2856 859 2900 που
876 2853 938 2918 χρη
960 2829 1070 2897 πάντα

60 2940 137 3011 τινά
149 2929 312 3062 ἄνδρα]
282 2964 309 3006 ω
321 2943 365 3005 κα
366 2931 499 3024 λβραχῦ
513 2934 612 3019 δόξης
623 2932 732 3021 όρθης
742 2933 907 3018 μετέδωκε
923 2935 1003 2998 θεία
1019 2953 1070 3008 τις

61 3040 156 3127 τάχη,
174 3035 220 3118 ῦς
239 3034 304 3105 οῦκ
327 3041 398 3104 ἐστι
416 3041 537 3105 παῦλα
543 3038 658 3101 κακοῦν
675 3044 745 3111 τοῖς
761 3027 967 3114 στασιάσασι,
988 3028 1069 3113 πρὶν

62 3135 105 3206 ἀν
122 3142 159 3207 οί
172 3136 397 3226 κρατήσαντες
414 3133 533 3221 μάχαις
552 3136 608 3200 καὶ
629 3135 781 3220 ἐκβολαῖς
797 3127 992 3248 ἀνθρώπων
1013 3126 1070 3193 καὶ

61 3250 209 3325 σφαγαῖς
229 3240 515 3322 μνησικακοῦντες
537 3233 593 3300 καὶ
614 3234 668 3299 ἐπὶ
695 3232 853 3316 τιμωρίας
875 3224 1070 3294 παύσωνται

50 3335 263 3426 ,τρεπόμενοι
273 3338 343 3402 τῦν
355 3334 499 3452 ἐχθροῖν,
512 3333 681 3418 ἐγκρατεῖς
698 3325 772 3397 δὲ”
752 3352 848 3406 οντες
865 3322 992 3409 αὑτόν,
1007 3323 1070 3390 δέ·
1088 3330 1138 3385 331

61 3431 298 3583 μενομιγόμορρ
307 3427 447 3516 κοινοῦς
461 3429 570 3522 μηδὲν
582 3435 715 3524 μᾶλλον
726 3418 963 3518 κροςηδονην
976 3415 1104 3487 αοτοῑε.
1129 3442 1148 3549 ρ
