2408 3764
102 224 146 291 34
449 202 768 291 EHIZTOAHK.

102 416 125 475 η
142 400 213 466 τοίς
229 383 405 503 ήττηθείσι
425 334 613 468 κειμένους,
632 376 869 464 ἀναγκάσωσιν
884 374 1014 461 αύτούς
1031 390 1114 470 χρῆ-

103 494 186 553 σθαι
191 495 262 562 τοῖς
271 480 389 566 νόμοις
396 483 520 559 διτταίς
532 474 828 564 ούσαιςάνύμκαις,
835 481 927 545 αίδοί
935 481 992 546 καί
1003 481 1113 603 φόβμ

103 581 201 672 φόβῳ
212 578 275 667 μὲν
289 575 391 645 διά
356 602 394 646 το
412 583 586 663 κρείττους
601 572 717 643 αύτων
735 572 821 642 εἶναι
838 575 1088 660 δεικνύντες
1051 605 1114 668 την

103 684 226 766 fitam
205 681 297 746 αίδοί
306 677 343 744 δὲ
355 701 399 743 αυ
387 667 469 741 δια
479 699 517 741 το
505 673 701 760 κρείττους
712 679 897 759 φαίνεσθαι
913 682 994 762 περί
1007 702 1044 746 τε
1055 677 1114 760 τὰς

102 771 228 861 ήδονάς
240 777 298 841 καὶ
308 786 377 852 τοῖς
387 771 506 859 νόμοις
517 779 647 858 μᾶλλον
659 772 833 851 ἐθέλοντές
843 796 880 838 τε
895 772 952 840 καὶ
963 774 1114 862 δυνάμε-

102 897 158 940 νοι
179 871 370 939 δουλεύειν.
393 866 503 948 ἄλλως
523 870 561 936 δέ
583 867 648 936 ούκ
665 866 798 937 ἔστιν’
774 895 820 949 ως
837 895 882 936 αν
898 893 979 939 ποτε
997 881 1113 943 κακῶν
1142 870 1145 877 ’

66 987 89 1039 Β
106 967 203 1056 λήξαι
214 971 311 1050 πόλις
321 972 358 1037 ἐν
369 966 455 1057 αὐτῇ
465 966 681 1055 στασιάσασα,
688 966 773 1037 ἀλλὰ
785 968 916 1048 στάσεις
926 971 981 1037 καί
991 974 1112 1059 ἔχθραι

27 1154 32 1163 ¹
103 1069 160 1137 καί
175 1074 255 1156 μίση
276 1069 332 1136 καί
352 1063 500 1134 ἀπιστίαι
520 1077 592 1145 ταῖς
609 1061 703 1134 ὀύτω
726 1071 951 1148 διατεθείσαις
971 1068 1109 1139 πόλεσιν

104 1165 221 1248 αύταίς
231 1164 316 1252 πρὸς
326 1162 430 1245 αύτόις
447 1161 500 1232 ἀεὶ
515 1171 694 1250 γίγνεσθαι
709 1174 810 1252 φιλεί.
829 1165 910 1248 τούς
926 1165 969 1254 δή
985 1169 1109 1255 κρατή-

104 1285 227 1346 σαντας
237 1261 290 1332 ἀεὶ
300 1263 375 1352 χρή,
387 1262 532 1350 ὅτανπερ
545 1264 782 1352 ἐπιθυμήσωσι
799 1271 972 1355 σωτηρίας,
985 1264 1112 1347 αύτούς

94 1369 143 1433 έν
154 1362 269 1444 αὑτοίς
280 1363 407 1451 ἄνδρας
418 1377 596 1453 προκρῖναι
612 1370 681 1432 τόν
693 1361 816 1454 ἄλλων,
834 1363 896 1446 ούς
911 1360 955 1432 δν
971 1366 1108 1434 τυτθή·

103 1489 229 1532 νωνται
240 1461 398 1552 ἀρίστους
410 1460 520 1550 όντας,
539 1468 676 1547 πρῶτον
695 1465 758 1551 μὲν
770 1468 940 1551 γέροντας,
955 1466 1013 1531 καί
1031 1479 1112 1532 παί-

104 1567 165 1643 δας
176 1566 233 1631 καί
247 1577 411 1649 γυναῖκας
428 1564 652 1649 κεκτημένους
669 1571 758 1631 οίκοι
768 1566 825 1632 καί
842 1563 1031 1650 προγόνους
1044 1560 1107 1630 αύ-

103 1667 172 1730 τόν
183 1658 246 1731 ότι
259 1664 402 1750 μάλιστα
412 1663 559 1742 πολλούς
569 1688 605 1731 τε
621 1666 678 1731 καί
692 1660 903 1751 ὀνομαστούς
917 1666 975 1731 καί
990 1668 1110 1748 κτήσιν

67 1780 86 1832 c
103 1765 328 1849 κεκτημένους
345 1760 472 1841 πάντας
487 1760 623 1849 ίκανήν·
645 1761 795 1852 ἀριθμόν
805 1763 845 1831 δὲ
862 1762 948 1831 εἶναι
964 1761 1109 1851 μυριάν-

106 1862 175 1950 δρῳ
186 1858 282 1928 πόλει
292 1858 502 1946 πεντήκοντα
513 1863 623 1928 ίκαιίοδ
635 1868 792 1928 τοιοῦτοι.
815 1860 958 1941 τούτους
973 1857 1012 1927 δέ
1030 1859 1109 1946 δεή-

105 1974 179 2023 σεσι
194 1957 251 2024 καί
268 1954 415 2051 τιμαίςό
429 1981 462 2025 τι
479 1963 648 2044 μεγίσταις
664 1966 805 2026 οίκοθεν
823 1959 1108 2044 μεταπέμπεσθαι,

104 2057 424 2141 μεταπεμψαμένους
444 2057 482 2123 δὲ
507 2053 696 2142 ὀμόσαντας
718 2060 853 2124 δεῖσθαι
874 2058 930 2123 καὶ
955 2054 1109 2123 κελεύειν

103 2161 219 2221 θείναι
244 2153 387 2240 νόμους,
409 2153 492 2239 μήτε
515 2151 671 2239 νικήσασι
692 2151 775 2238 μήτε
802 2161 972 2235 νικηθεῖσι
994 2154 1110 2234 νέμειν

104 2253 218 2337 πλέον,
230 2250 268 2317 τδ
283 2251 320 2317 δὲ
332 2259 408 2318 ίσον
419 2252 475 2316 καί
482 2247 602 2317 κοινόν
612 2248 702 2336 πόση
715 2254 757 2336 τῇ
770 2247 876 2314 πόλει.
888 2248 1058 2314 τεθέντων
1070 2251 1110 2317 δὲ

103 2351 172 2412 τοῖν
189 2345 306 2431 νόμων
324 2349 362 2415 έν
379 2346 487 2435 τούτῳ
504 2344 547 2430 δή
564 2344 605 2412 τδι
621 2344 731 2412 πάντα
744 2347 845 2411 ἐστίν.
871 2337 915 2411 ἂν
926 2343 988 2432 μὲν
999 2342 1064 2435 γὰρ
1075 2351 1112 2414 οί

103 2442 317 2525 νενικηκότες
327 2440 448 2528 ἥττους
458 2439 658 2520 αύτούςτῶν
669 2440 785 2528 νόμων
794 2448 923 2530 μᾶλλον
933 2449 1002 2512 τόν
1013 2470 1108 2513 νενι-

65 2539 260 2624 ῃκημένων
271 2539 584 2659 παρέχωνται,παντ
582 2535 695 2607 ’ἔσται
706 2547 869 2631 σωτηρίας
880 2569 916 2612 τε
927 2541 1108 2612 καίεύδαι-

104 2640 222 2734 μονίας
232 2655 335 2723 μεστα
323 2634 402 2703 καί
412 2658 549 2704 παντων
559 2662 673 2706 κακων
684 2642 862 2730 αποφυγη
875 2647 907 2710 εί
916 2644 953 2710 δὲ
964 2667 1021 2728 μη,
1033 2667 1099 2728 μητ

106 2734 162 2822 ἐμὲ
177 2735 243 2822 μήτ
246 2730 373 2802 ’ἄλλον
384 2732 552 2802 κοινωνὸν
563 2746 767 2824 παρακαλεῖν
785 2736 889 2809 ἐπί
855 2765 916 2809 τον
925 2765 971 2825 μη
959 2735 1107 2807 πειθό-

104 2859 209 2920 μενον
220 2846 290 2912 τοῖς
305 2839 371 2900 νύν
382 2835 646 2922 ἐπεσταλμένοις.
662 2844 769 2906 ταῦτα
785 2840 848 2924 γάρ
867 2839 958 2905 ἐστιν
974 2833 1106 2922 ἀδελφὰ

107 2925 156 3001 τόν
171 2942 207 3000 ’τε
217 2937 267 3000 Δί
265 2958 314 2999 ων
331 2923 380 3001 όν
396 2959 415 3000 τ
418 2930 554 3019 ’ἕρπ’
536 2938 795 3057 επεχειρήσαμεν
811 2934 1050 3057 Συρακούσαις
1065 2927 1106 3003 εύ

105 3037 315 3119 φρονοῦντες
324 3036 524 3120 συμπρᾶξαι,
537 3034 680 3125 δεύτερα
691 3035 774 3123 μήν·
795 3058 912 3122 πρωτα
924 3025 995 3102 δ
972 3060 1016 3119 ην
1027 3029 1051 3100 ἁ
1067 3031 1105 3101 τό

104 3153 240 3217 πρωτον
256 3130 455 3219 ἐπεχειρήθη
476 3130 549 3253 μετ’
574 3132 683 3202 αύτού
703 3138 893 3203 Διονυσίου
913 3137 1106 3219 πραχθῆναι

104 3234 186 3296 πᾶσι
197 3227 295 3296 κοινδι
307 3226 430 3318 ἀγαθοί,
443 3230 526 3318 τύχη
538 3235 579 3299 δέ
592 3257 643 3311 τις
660 3229 855 3320 ύνθροόπων
866 3237 1022 3320 κρείττων
1035 3234 1106 3298 διε-

70 3343 91 3394 n
109 3325 252 3413 φόρησε·
272 3327 313 3394 τὰ
329 3326 366 3395 δέ
386 3333 454 3396 νόν
469 3326 564 3415 ύμείς
584 3336 748 3418 πειρᾶσθε
766 3327 1003 3417 εὐτυχέστερον
1019 3323 1107 3396 αύτδι
1137 3320 1141 3326 ’

91 3423 217 3515 amp*
220 3429 346 3517 πρᾶξαι
354 3434 460 3520 μοίρᾳ
474 3431 530 3498 καὶ
539 3435 619 3523 θείη
628 3430 695 3500 τινὶ
704 3430 798 3520 τύηη.
