2408 3764
134 166 177 283 20
481 215 749 287 ππιενοκμ
765 208 796 287 ς’.
819 194 826 213 '

135 383 352 463 αἰσχυνοίμην
369 372 472 442 εἰπών
483 373 692 442 δικαιότατον
708 372 793 442 εἰναι
808 382 877 442 τοῖν
893 375 978 463 τότε,
998 381 1054 447 ἐπί
1066 407 1142 449 τινα

134 482 203 545 τοῖν
219 481 362 541 πολιτοδν
373 469 447 556 μεθ’
461 474 581 559 ἑτέρων
593 476 740 555 ἔπεμπον
751 479 808 560 βίη
819 471 941 552 ἄξοντα
952 475 997 553 ως
1007 473 1144 546 ἀποθα-

64 603 116 659 325
134 573 312 660 νοόμενον,
334 574 390 636 ἵνα
411 566 452 656 δή
474 570 601 654 μετέχοι
617 576 686 635 των
707 570 913 655 πραγμάτων
934 570 1058 659 αὐτοῖς,
1077 585 1142 644 είτε

132 669 287 758 βούλοιτο
299 676 363 735 εἰτε
374 667 433 753 μή·
453 663 471 733 ὁ
490 665 522 733 δ’
538 667 601 733 οὐκ
618 669 780 752 ἐπείθετο,
797 673 865 734 πᾶν
883 669 919 736 δὲ
937 674 1143 752 παρεκινδύ-

132 786 233 836 νευσε
243 774 367 834 παθεῖν
382 767 461 848 πρὶν
479 763 625 832 ἀνοσίων
642 763 755 843 αὐτοῖς
770 770 879 850 ἔργων
894 771 1053 851 γενέσθαι
1069 797 1141 840 κοι-

133 864 249 944 νωνός.
273 861 295 931 δι’
304 862 345 950 δή
357 863 466 932 πάντα
476 868 636 945 καθορῶν
647 865 702 929 καί
714 873 747 932 εἰ
758 862 825 932 τιν’
843 863 928 932 ἄλλα
945 873 1083 936 τοιαῦτα
1099 852 1141 938 οό

132 963 267 1052 σμικρά,
280 961 481 1049 ἐδυσχέρανά
493 987 528 1028 τε
538 962 593 1029 καὶ
601 958 748 1046 ἐμαυτόν
764 964 977 1050 ἐπανήγαγον
995 965 1060 1035 ἆπό
1072 980 1140 1040 των

133 1062 206 1132 τότε
215 1069 344 1131 κακοῖν·
367 1059 477 1148 χρόνῳ
495 1059 531 1126 δὲ
545 1057 587 1125 οὐ
603 1067 716 1148 πολλῷ
732 1064 888 1145 μετέπεσε
903 1061 943 1130 τό
963 1072 1031 1132 τείν
1043 1068 1138 1152 τριά-

133 1160 235 1230 κοντά
245 1184 280 1227 τε
291 1160 347 1224 καί
357 1152 477 1242 πᾶσαή
495 1156 569 1223 τότε
583 1162 740 1224 πολιτεία.
770 1158 919 1227 πάλινδέ
934 1162 1138 1249 βραδύτερον

101 1285 120 1332 [ι
138 1262 209 1345 μέν,
221 1253 308 1324 εἷλκε
319 1257 356 1321 δέ
364 1280 405 1339 με
415 1251 534 1340 ὅμωςὴ
546 1251 668 1345 περὶτὰ
680 1253 835 1341 πράττειν
845 1257 885 1325 τό
897 1257 995 1327 κοινά
1011 1265 1067 1329 καί
1077 1285 1139 1330 πο.-

135 1351 240 1423 λιτικοὶ
259 1355 427 1438 ἐπιθυμία.
449 1343 493 1438 ήν
509 1343 573 1421 οὖν
588 1354 643 1421 καὶ
661 1355 698 1420 ἐν
715 1357 852 1435 ἐκείνοις
870 1355 927 1424 ἅτε
941 1361 1140 1445 τεταραγμέ-

134 1476 206 1529 νοις
216 1446 323 1540 πολλοὶ
333 1449 524 1535 γιγνόμενα,
536 1447 558 1517 ἅ
573 1477 623 1530 τις
633 1447 676 1519 άν
689 1453 913 1540 δυσχεράνειε,
923 1457 977 1522 καί
992 1453 1093 1524 οὐδέν
1108 1485 1140 1524 τι

133 1544 333 1634 θαυμαστόν
353 1539 397 1633 ήν
416 1556 578 1635 τιμωρίας
606 1554 736 1635 ἐχθρῶν
756 1559 936 1636 γίγνεσθαί
952 1552 1054 1620 τινάν
1074 1578 1140 1622 τισι

134 1651 264 1734 μείζους
283 1650 321 1714 ἐν
339 1655 548 1734 μεταβολαῖς·
567 1656 628 1718 Ικαί
647 1676 698 1718 τοι
718 1657 825 1738 πολλή
846 1676 885 1738 γε
905 1652 1087 1740 ἐχρήσαντο
1106 1660 1142 1723 οἰ

132 1745 207 1814 τότε
222 1747 443 1826 κατελθόντες
459 1750 621 1838 ἐπιεικείᾳ.
644 1748 727 1816 κατὰ
750 1752 789 1817 δέ
805 1776 880 1817 τινα
897 1750 1001 1837 τύχην
1020 1743 1065 1819 αὖ
1081 1750 1140 1830 τόν

133 1845 262 1928 ἑταίρου
278 1840 373 1932 ἡμῶν
383 1846 550 1933 Σωκράτη
566 1855 686 1915 τοῦτον
701 1848 962 1928 δυναστεύοντές
975 1875 1062 1927 τινες
1074 1855 1137 1928 alga

133 1939 274 2026 άγουσιν
302 1949 348 2021 εἰς
374 1944 602 2031 δικαστήριον,
625 1944 853 2031 ἀνοσιωτάτην
872 1952 980 2014 αἰτίαν
1003 1945 1139 2032 ἐπιβάλ-

97 2053 247 2125 ὒλοντες
264 2047 319 2114 καί
337 2046 472 2114 πάντων
486 2046 604 2133 ήκιστο·
621 2045 793 2128 Σωκράτει
808 2046 1064 2131 προσήκουσαν·
1096 2043 1140 2125 ως

133 2141 237 2232 άσεβή
256 2141 320 2230 γάρ
343 2149 377 2212 οί
396 2143 457 2229 μὲν
479 2147 665 2231 εἰσήγαγον,
683 2148 718 2212 οί
736 2145 773 2210 δὲ
792 2147 1059 2226 κατεψηφίσαντο
1081 2147 1139 2213 καὶ

133 2241 330 2311 ἀπέκτειναν
341 2241 402 2310 τόν
411 2244 486 2312 τότε
496 2251 553 2330 τής
560 2242 699 2310 ἀνοσίου
711 2238 842 2324 άγωγής
853 2236 915 2319 οὐκ
932 2238 1139 2324 ἐθελήσαντα

132 2355 303 2424 μετασχεῖν
313 2341 388 2425 περί
399 2341 458 2407 ἕνα
469 2347 537 2407 τῶν
547 2339 621 2407 τότε
634 2337 832 2422 φευγόντων
842 2340 961 2434 φίλων,
978 2333 1034 2404 ότε
1052 2338 1139 2422 φεύ-

132 2460 246 2519 γοντες
257 2435 464 2519 ἐδυστύχουν
475 2437 579 2502 αὐτοί.
601 2439 783 2502 σκοποῦντι
794 2433 836 2520 δή
846 2458 903 2520 μοι
913 2435 1017 2502 ταῦτά
1033 2441 1139 2505 τεκαὶ

131 2530 212 2610 τοὺς
223 2530 428 2617 ἀνθρώπους
445 2531 525 2611 τούς
539 2530 744 2616 πράττοντας
754 2530 793 2599 τά
811 2534 971 2620 πολιτικά,
989 2536 1044 2602 καί
1059 2533 1138 2616 τούς

132 2630 258 2717 νόμους
268 2655 306 2715 γε
317 2631 371 2697 καί
381 2633 455 2716 ἐθη,
467 2629 536 2719 ὅσω
547 2636 677 2716 μᾶλλον
687 2629 887 2700 διεσκόπουν
902 2628 1030 2719 ήλικίας
1045 2659 1080 2700 τε
1092 2639 1138 2715 εἰς

131 2728 169 2797 τό
187 2728 318 2810 πρόσθε
334 2727 554 2816 προόβαινον,
573 2728 721 2817 τοσούτω
737 2731 966 2817 χαλεπώτερον
983 2734 1136 2817 ε’φαίνετο

96 2823 243 2908 υόρθοίς
254 2825 341 2895 εἰναί
347 2853 404 2914 μοι
414 2827 454 2894 τά
465 2824 616 2896 πολιτικοὶ
627 2831 777 2896 διοικεῖν·
799 2829 878 2896 οίίτε
893 2829 957 2914 γὰρ
977 2827 1061 2896 άνεν
1079 2839 1138 2915 φί·

131 2931 201 2992 λων
211 2923 346 3008 ἀνδρῶν
357 2928 412 2994 καί
424 2927 563 3010 ἑταίρων
580 2933 707 2994 πιστόν
725 2921 798 2994 οἰόν
815 2924 847 2993 τ’
866 2924 950 2994 εἰναι
970 2927 1136 3012 πράττειν,

84 3070 89 3082 ,
131 3018 191 3099 οὓς
201 3020 274 3090 οὔθ’
288 3020 496 3111 ὑπάρχοντας
504 3017 549 3112 ήυ
559 3025 670 3109 εὑρεῖν
681 3023 824 3110 εὐπετές,
836 3024 878 3091 οὐ
888 3023 954 3112 γὰρ
964 3031 1011 3092 ἔτι
1021 3028 1057 3094 ἐν
1068 3040 1137 3105 τοῖς

131 3126 200 3186 των
210 3122 362 3207 πατέρων
374 3121 473 3209 ἤθεσι
484 3125 539 3193 καί
549 3120 835 3210 ἐπιτηδεόμασινή
847 3123 943 3202 πόλις
951 3121 1045 3209 ἡμῶν
1056 3127 1137 3212 διω-

129 3229 231 3303 κεῖτο,
242 3219 380 3300 καινούς
390 3248 426 3290 τε
436 3221 559 3299 ἄλλους
570 3219 739 3289 ἀδύνατον
749 3215 793 3308 ήν
802 3229 946 3290 κτάσθαι
956 3220 1037 3305 μετά
1047 3247 1137 3300 τινος

72 3250 311 3536 ,ῥᾳστώνης
323 3318 366 3388 τά
377 3347 412 3389 τε
429 3329 497 3389 τοδν
513 3320 629 3406 νόμων
644 3319 821 3406 γράμματα
837 3321 894 3388 καί
908 3323 971 3404 ἔθη
986 3322 1136 3404 διεφθεί·

122 3416 270 3490 enom>
281 3418 437 3488 ἐπεδίδου
452 3412 651 3505 θαυμαστόν
668 3413 761 3502 ὅσον,
779 3413 863 3486 ὥστε
879 3440 932 3504 με,
949 3413 986 3482 τό
1003 3422 1134 3502 πρῶτον

24 3690 81 3723 εἰ...
