2422 3758
139 148 202 215 142
465 244 468 249 Ι
526 136 760 212 Αειοάοε

138 314 194 378 καὶ
209 317 322 395 κακῶν
340 309 461 392 ἀγονος
478 312 559 393 βίος,
578 303 748 397 ἀσαλεύιφ
769 304 887 396 ἡσυχία
904 304 1143 394 εύδιαζόμενος,

136 409 193 474 καί
202 411 396 490 περιαθρῶν
406 402 469 489 τάν
477 402 593 489 φύσιν,
605 412 803 490 φιλοσοφεῖν
821 401 862 472 ού
877 402 960 488 πρὸς
969 403 1071 491 ὄχλον
1086 408 1144 475 καὶ

136 509 294 587 θέατρον,
306 500 390 569 ἀλλά
401 501 485 585 πρὸς
495 497 671 587 ἀμφιθαλῆ
680 500 742 586 τὴν
753 499 926 586 ἀλήθειαν.
947 508 952 514 ”
1044 557 1046 561 .

219 604 287 676 ΑΞ
307 596 574 678 Είςιούναντίον
590 625 631 686 με
646 607 693 689 τῷ
710 598 798 685 λόγῳ
811 599 1039 685 περιίσταιιας·
1060 596 1144 669 ούιι-

137 701 184 765 ἐιι
196 698 261 783 γάρ
284 722 340 782 μοι
353 697 508 764 θανάτον
525 701 598 776 δέος
620 702 759 781 ἔνεστιν,
777 694 850 781 ἀλλ’
869 694 932 782 ἤδη
948 699 1005 767 καὶ
1022 697 1143 785 πόθος,
1158 722 1166 739 ¹

98 800 190 863 Ε’ίνα
205 823 238 862 τι
254 793 346 878 κάμοὶ
366 795 591 881 μιμησάμενος
610 792 690 874 ιούς
712 794 853 882 ῥήτορας
873 792 1027 878 περιττὸν
1042 805 1141 865 εἴπω·

134 892 304 979 κάμπαλιν
325 900 559 979 μετεωρολογοῑ
580 895 637 962 καί
647 896 747 979 δίειμι
767 889 827 963 τὸν
845 889 960 965 ἀίδιον,
974 895 1030 960 καὶ
1044 903 1142 962 θεῖον

134 991 271 1076 δρόμον,
283 994 319 1056 ἒιι
330 1016 367 1058 τε
376 999 434 1076 τῆς
445 987 622 1069 ἀσθενείας
633 989 779 1077 ἐμανιδν
790 997 1000 1077 σννείλεμμαι
1016 993 1074 1059 καὶ
1084 994 1142 1077 γε’-

133 1086 351 1191 μοναααινός.

63 1203 114 1258 371
214 1188 278 1251 XII.
300 1190 375 1252 Σίδ
397 1184 493 1253 Eae&
503 1187 591 1253 καλ
571 1211 684 1273 ειερον
694 1185 811 1272 βονλει
820 1183 965 1271 λογον,
946 1213 986 1252 ον
995 1183 1101 1272 ἐμοὶ
1079 1211 1141 1272 ημ

132 1291 221 1367 γειλε
234 1282 438 1370 Γωβρύης,’
419 1282 505 1369 ανήρ
515 1283 636 1369 μάγος·
648 1287 712 1404 ἔφη
724 1311 805 1352 κατα
795 1282 1009 1371 τήνΞέρξον
1021 1274 1141 1370 διάβα-

132 1401 187 1448 σιν
198 1379 257 1449 τὸν
266 1380 405 1449 πάιιιιον
416 1378 521 1448 αύτον
508 1379 620 1450 ’καί
603 1383 784 1469 ομτόννμον
801 1386 998 1469 πεμφθέντα
1010 1387 1055 1460 είς
1065 1390 1140 1468 Δῆ·

131 1477 235 1562 λον,”
214 1502 306 1556 οπως
315 1496 466 1563 τηρησειε
478 1505 539 1564 την
553 1487 659 1564 νῆσον
669 1473 790 1567 ἐνῇί
756 1506 773 1548 ο
775 1479 866 1547 ίδύο
881 1483 957 1548 θεοὶ
974 1483 1136 1602 ἐνέμοντο,

130 1579 167 1643 ἐκ
180 1601 283 1645 τινων
300 1579 448 1662 χαλκέων
465 1574 644 1662 δέλτων,“
621 1604 662 1655 ας
678 1580 712 1656 ἐ
695 1575 958 1664 ξ’Υπερβορέων
979 1576 1138 1663 ἐκόμισαν

127 1663 220 1752 Ὦπίς
231 1699 266 1742 τε
279 1677 335 1743 καὶ
341 1671 508 1759 Εααέργη,
521 1672 797 1792 ἐκμεμαθηκέναι,
813 1672 894 1759 μετά
911 1700 973 1760 την
989 1699 1052 1741 τον
1070 1674 1139 1742 σοι’-

130 1796 231 1856 ματος
242 1770 341 1839 λύσιν
353 1797 416 1856 την
426 1768 537 1857 ψυχὴν
547 1768 636 1848 είς
603 1796 663 1837 ιον
673 1768 799 1857 ἀδηλον
809 1785 929 1857 χωρεῖν
938 1768 1042 1839 τύπον
1050 1770 1135 1839 καιά

129 1867 191 1953 τὴν
201 1866 362 1953 ὑπόγειον
373 1877 514 1955 οἴκησιν,
526 1858 596 1958 ἐν
573 1894 595 1954 3
606 1874 756 1955 βασίλεια
765 1868 966 1947 Πλούτωνος
977 1865 1037 1952 οὐχ
1048 1867 1136 1954 ἥττω

95 1983 114 2032 Β
131 1972 256 2082 133303
241 1965 351 2044 Διὸς
362 1962 509 2051 αύλῆς,’
487 1991 545 2033 ατε
555 1973 613 2063 τῆς
624 1965 685 2051 μὲν
696 1974 755 2052 γῆς
772 1956 910 2052 ἐχούσης
926 1993 966 2033 ια
954 1964 1063 2052 μέσα
1074 1973 1137 2032 τού

131 2062 270 2148 κόσμον,
281 2088 342 2129 ιον
326 2061 389 2129 δὲ
399 2061 538 2130 πόλον”
518 2089 615 2142 οντος
625 2054 923 2185 σφαιροειδοῦς,
881 2090 923 2132 ον
940 2089 976 2131 το
966 2062 1086 2149 “”μὲν
1066 2087 1136 2130 ειε-

130 2186 193 2242 ρον
202 2158 420 2246 ημισφαίριον
429 2162 506 2229 θεοὶ
515 2166 679 2247 ἔλαχονο
686 2159 847 2250 ούράνιοι,
865 2189 902 2230 ιο
892 2160 992 2228 ’“δδ
972 2186 1087 2244 ετερον
1103 2163 1138 2228 oc

128 2257 356 2344 ὑπένερθεν,ο
338 2261 373 2324 οἱ
388 2258 450 2343 μὲν
466 2254 638 2344 ἀδελφοὶ”
619 2284 757 2344 ονιες,ο
758 2256 996 2344 ἱδδάδελφιόν
1012 2264 1134 2338 παιδες.

128 2377 168 2418 τα
157 2350 377 2437 δὲπροπνλα
388 2379 445 2438 της
455 2355 706 2431 είςΠλονιωνος
717 2352 800 2421 οδον
810 2359 957 2440 σιδηροις
967 2362 1136 2440 κλείθροις

128 2450 182 2514 καλ
193 2446 353 2516 κλεισλν’
329 2449 515 2533 ωχύρωιαι
533 2459 636 2517 ταῦτα
647 2451 682 2517 δὲ
693 2449 869 2529 ἀνοίξαντα
887 2455 1033 2538 ποταμὸς
1048 2452 1135 2540 'Axe'-

128 2569 198 2624 ρων
207 2547 381 2630 ἑκδίχεται,
391 2543 498 2630 μεθ’“
478 2574 519 2614 ον
528 2545 746 2633 Κωκνιός,
711 2547 771 2625 ούς
781 2575 842 2635 χρη
833 2542 1136 2637 πορθμεύσαντας

127 2639 272 2727 ἀχθῆναι
289 2642 341 2710 ἐπὶ
356 2648 457 2710 Μίνω
477 2646 533 2713 καὶ
549 2642 831 2732 Ραδάμανθνν,“
812 2673 830 2715 ο
849 2649 999 2736 κλῃζεται
1015 2650 1136 2716 πεδίον
1168 2646 1171 2653 ’

127 2737 295 2826 ἀληθειας.

91 2857 108 2905 c
209 2841 289 2905 XIII.
319 2835 497 2909 Ἐντανθοί
509 2824 706 2922 καθέζονται
727 2845 876 2915 δικασταί
897 2839 1133 2927 ἀνακρίνοντες

127 2942 195 3003 τῶν
208 2933 466 3024 ἀφικνουμένων
480 2940 630 3024 ἕκαστον,
642 2946 717 3007 τίνα
730 2947 807 3028 βίον
816 2945 955 3028 βεβίωκε
972 2942 1028 3007 καλ
1044 2946 1131 3009 τίσιν

125 3032 381 3120 ἐπιτηδεύμασιν
391 3038 557 3125 ἐνοικίσθη
569 3044 615 3125 τῷ
626 3039 760 3124 στόματι.
790 3035 981 3118 ψεύσασθαι
992 3030 1111 3122 μὲν
1067 3064 1131 3105 ουν

125 3128 304 3217 ἀμήχανον.
326 3130 416 3212 ὅσοις
431 3128 567 3219 μὲνοῦν
578 3137 616 3203 ἐν
632 3144 679 3224 τῷ
695 3142 755 3223 ζῇν
769 3141 895 3223 δαίμων
912 3133 1039 3218 ἀγαθὸς
1055 3139 1131 3205 ἐπέ-
