2408 3764
131 183 174 249 20
477 179 744 242 ΕΠΙΣΤΟΛΗ
763 171 794 252 ξ

132 339 176 413 ἀν
186 338 296 421 ούτως
307 341 450 424 ἐγένετο,
463 344 557 423 είπερ
567 339 729 424 ἐγίγνετο,
740 335 949 424 κάλλιστα,”
921 363 1023 409 ωκνιι
1033 338 1081 423 ύς
1093 346 1135 431 δη

94 472 114 523 B
133 442 321 533 μανθάνων
332 433 426 504 καὶ’
407 460 545 504 ακονων
555 461 626 505 των
638 437 714 523 περί
729 439 934 522 φιλοσοφίαν
951 437 1066 524 λόγων
1084 449 1136 510 ol·

132 543 312 608 κενοῦσθαι
324 535 380 602 καὶ
395 535 469 619 ἐμοὶ
480 538 741 655 συγγίγνεσθαι,
750 532 963 620 φοβούμενος
973 534 1054 617 τούς
1065 545 1134 607 τοῖν

132 633 385 723 διαβαλλόντων
396 633 531 720 λόγους,
549 634 594 719 μη
613 657 660 720 πη
677 637 947 719 παραποδισθείη
965 637 1023 703 καὶ
1037 644 1134 707 Δίων

133 733 175 855 δη
186 734 297 802 πάντα
309 739 360 818 είη
373 732 672 816 διαπεπραγμένος.
694 728 759 852 ίγμδ
772 729 809 798 δὲ
825 729 970 851 μάντα“
951 736 1132 823 υπόμενον,

132 832 194 920 την
206 831 344 920 πρύτην
355 829 511 900 διάνοιαν
522 829 701 945 φυλάττων
717 821 810 919 ᾗπερ
815 825 998 918 ἀφικόμην,
1016 842 1051 900 εί
1062 859 1133 915 πως

133 935 179 1011 είς
189 931 376 1016 ἐπιθυμίαν
388 932 536 1005 ἔλθοι
495 952 554 1013 της
565 927 757 1012 φιλοσόφον
771 924 903 1013 ζωῆς·
887 953 906 995 ο
925 926 959 995 δ’
980 929 1132 1016 ἐνίκησεν

133 1023 340 1097 ἀντιτείνων.

216 1127 284 1196 Καὶ
305 1121 324 1192 6
355 1128 485 1209 πρῶτος
507 1119 549 1208 δὴ
571 1120 692 1209 χρόνος
713 1128 772 1207 τῆς
794 1128 841 1203 είς
867 1130 1027 1194 Σικελίαν
1050 1127 1129 1212 ἐμῆς

134 1221 363 1309 ἐπιδημησεύς
383 1243 419 1289 τε
440 1221 496 1288 καί
521 1222 692 1307 διατριβῆς
715 1219 771 1286 διά
793 1221 902 1291 πάντα
928 1228 1032 1293 ταῦτα
1051 1227 1132 1304 ξυν-

100 1339 120 1391 c
137 1325 197 1408 έβη
219 1317 409 1407 γενόμενος.
431 1313 513 1404 μετὰ
532 1316 570 1384 δὲ
587 1322 687 1385 τοῦτο
704 1314 901 1405 ἀπεδήμησά
911 1346 946 1389 τε
957 1323 1013 1389 καὶ
1029 1321 1133 1390 πάλιν

134 1413 307 1503 ἀφικόμην
334 1414 434 1504 πάσης
453 1418 586 1502 σπουδῇ
606 1420 906 1504 μεταπεμπομένου
926 1424 1132 1489 Διονυσίου·

135 1507 184 1583 οἷν
206 1513 244 1584 δὲ
260 1516 359 1585 ἕνεκα
377 1516 434 1584 καὶ
449 1511 514 1583 ὅσα
530 1518 666 1602 ἔπραξα,
688 1510 734 1596 ὥς
755 1518 867 1586 είκότα
881 1543 917 1585 τε
934 1517 988 1584 καί
1009 1520 1131 1604 δίκαια,

133 1611 215 1701 ὑμῖν
227 1618 362 1701 πρώτον
372 1613 434 1700 μὲν
445 1612 708 1701 ξυμβουλεύσας,
718 1609 740 1681 ά
749 1610 811 1702 χρὴ
820 1628 930 1683 ποιεῖν
941 1618 978 1684 ἐκ
988 1621 1056 1683 τιδν
1066 1620 1133 1682 νύν

133 1711 336 1801 γεγονότων,
351 1709 496 1798 ὕστερον
505 1712 546 1782 τά
563 1713 640 1800 περὶ
661 1720 766 1784 ταῦτα
781 1714 928 1802 διέξειμι,
945 1714 1015 1782 τῶν
1031 1715 1134 1782 ἐπαν-

100 1818 104 1828 “
135 1811 339 1899 ερωτύντων
350 1813 460 1900 ἕνεκα,
472 1817 506 1880 τί
515 1812 557 1898 δὴ
572 1811 779 1900 βουλόμενος
790 1804 900 1898 ἦλθον
910 1811 947 1882 τὸ
960 1813 1133 1899 δεύτερον,

133 1915 190 1980 ἵνα
201 1909 246 1999 μὴ
258 1908 299 1978 τά
310 1912 460 1999 πάρεργα
471 1906 517 1990 τός
528 1914 610 1996 ἔργα
620 1936 677 1997 μοι
689 1911 1035 1999 ξυμβαίνηλεγόμενα.
1046 1912 1132 1996 λε’γω

135 2009 177 2098 δη
197 2009 276 2080 τάδε
299 2011 381 2098 ἐγό,
392 2008 454 2079 τόν
474 2008 754 2130 συμβουλεύοντα
772 2007 877 2096 ἀνδρὶ
893 2008 1056 2128 κάμνοντι
1079 2011 1135 2078 καὶ

100 2127 121 2180 Ι)
137 2114 269 2181 δίαιταν
280 2111 486 2232 διμιτωμένφ
493 2106 669 2197 μοχθηράν
675 2131 760 2196 προς
766 2102 956 2192 νγίειανοτι
966 2132 1029 2191 χρη
1041 2114 1138 2192 προί-

135 2235 195 2278 τον
206 2205 324 2298 μεν’
281 2207 388 2278 αυτόν
404 2204 631 2294 μεταβάλλειν
641 2205 702 2275 τὸν
724 2205 890 2292 βίον,ιιαὶ
833 2203 1058 2270 καὶέθέλοντι
1072 2203 1137 2285 μὲν

134 2313 317 2376 πείθεσθαι
327 2299 493 2375 καίταλλα
503 2303 568 2392 ηδη
580 2315 765 2390 παραινεῖν
776 2325 822 2385 μη
810 2298 982 2366 ἐθελοντι
992 2300 1040 2386 δε,
1048 2324 1137 2384 φευ

134 2429 240 2491 γοντα
251 2402 317 2472 ἀπὸ
329 2410 389 2488 τῆς
399 2409 461 2471 τοῦ
476 2400 636 2469 τοιούτου
653 2392 882 2486 ξυμβουλῆς”
859 2421 903 2463 αι
903 2399 968 2484 δρα
984 2405 1020 2464 τε
1039 2394 1136 2484 ἡγοί-

136 2526 204 2588 μην
224 2496 268 2567 άν
294 2503 351 2568 καὶ
372 2498 541 2587 ἰατρικόν,
562 2496 622 2567 τόν
642 2498 680 2565 δὲ
700 2493 912 2583 ὑπομένοντα
933 2493 1135 2565 τούναντίον

136 2586 310 2686 άνανδρόν
320 2621 356 2665 τε
366 2594 583 2682 καὶάτεχνον
605 2592 730 2664 ταύτόν
742 2595 784 2683 δη
795 2598 851 2664 καὶ
861 2595 968 2684 πόλει,
985 2604 1052 2664 είτε
1070 2593 1136 2663 αύ·

136 2723 195 2783 της
211 2689 259 2776 εἷς
270 2702 322 2781 είη
333 2693 452 2780 κύριος
469 2702 535 2762 είτε
551 2694 607 2761 καὶ
624 2697 770 2782 πλειους,
786 2700 818 2763 εί
828 2693 892 2781 μὲν
907 2692 991 2764 κατὰ
1008 2693 1136 2781 τρόπον

138 2791 228 2882 όρθη
239 2792 468 2881 πορευομένης
479 2787 604 2882 όδφ
565 2816 624 2878 της
640 2797 806 2872 πολιτείας
822 2791 1086 2880 ξυμβουλεύοιτό
1103 2818 1136 2860 τι

98 2917 119 2967 Ε
136 2899 204 2962 τοῖν
218 2889 436 2980 προσφόρων,
447 2896 535 2959 νοῦν
545 2895 679 2978 ἔχοντος
688 2893 727 2961 τό
736 2904 804 2971 τοῖς
815 2891 1136 2977 τοιούτοιςξυμβου-

138 2991 268 3061 λεύειν·
290 3001 359 3069 τοῖς
370 2987 404 3057 δ’
418 2993 479 3071 ἔξω
490 2989 527 3059 τό
540 2991 699 3080 παράπαν
709 2995 866 3078 βαίνουσι
877 2994 935 3075 τῆς
952 2987 1061 3076 όρθης
1071 3013 1135 3059 πο·

137 3089 460 3180 λιτείαςιιαὶμηδαμῇ
471 3093 650 3161 ἐθέλουσιν
659 3088 816 3177 αύτῆςείς
826 3090 1020 3174 ίχνοςίέναι,
1028 3112 1136 3173 προα-

137 3190 613 3283 γορεύουσιδδτφξυμβούλφ
624 3184 1134 3276 τὴνμὲνπολιτείανέᾀνααὶμὴ

69 3315 122 3375 331
138 3302 258 3378 κινείν,
276 3285 321 3371 ὥς
339 3286 610 3379 ἀποθανουμένῳ
627 3286 687 3356 ἐάν
707 3291 796 3374 κινῇ,
814 3297 885 3365 ταῖς
901 3285 938 3352 δὲ
955 3283 1136 3370 βουλήσεσι

66 3390 193 3544 ικαὶ
214 3391 408 3478 ἐπιθυμίαις
425 3387 540 3459 αύτδν
556 3385 797 3475 ὑπηρετοῦντα,
812 3383 1056 3470 ξυμβουλεύειν
1078 3407 1137 3450 κε-
