2408 3764
28 186 36 224 ι
110 162 183 228 ιεε.
276 122 283 138 ’
480 161 750 221 ΑΛιειαοου
1085 164 1122 223 ω

110 331 199 408 φαέη,
216 350 272 408 την
286 325 340 406 μὲν
356 327 592 409 κακοδαιμονίαν
606 346 659 386 του
646 326 809 405 δαίμονος
818 319 945 387 εἶναι’
905 341 1049 428 κακωσιν,
1063 346 1122 404 την

110 413 143 477 (δὲ
161 409 356 514 θῧδᾱιμονέαν
370 414 424 472 τοῦ
441 410 579 489 δαίμονος
589 399 711 484 εὐεξίαν.
725 400 977 511 έφικοίμεθαδΜ
956 433 997 470 αν
1007 412 1061 470 τοῦ
1072 431 1121 488 γε·

109 491 249 561 νέσθαι“
233 517 330 595 ομοιοι
349 498 414 577 θερῑ
419 490 518 594 φύσει
532 517 564 556 τε
571 487 806 597 χρησάμενοιτῇ
815 488 1032 602 πρασηιιούση,
1038 493 1124 555 ἔθεσί

109 605 139 644 τε
156 581 207 644 καλ
223 571 327 687 άγωγη
312 556 427 640 κάλ’
409 573 534 658 ασκησει
548 583 585 661 τῇ
601 570 677 639 κατά
694 574 801 658 νόμον,
820 578 872 641 καλ
886 570 919 639 τδ
928 571 1125 679 μυριάτατον-

111 661 188 750 λόγῳ
200 688 251 726 και
241 663 437 748 διδασκαλία
448 661 501 724 καλ
509 656 713 763 θεωρημάτων
721 656 938 762 παραδόσει,’
922 657 995 768 ὥστε
1011 659 1121 737 ἐξίστα-

111 755 185 810 σθαι
200 747 254 852 μὲν
269 739 306 809 τδι
320 724 430 809 πολλά
430 751 490 808 τῶν
507 738 711 828 ὐνθρωπίνων
725 742 916 845 πραγμάτων,
935 737 981 808 άει
971 744 1032 807 δὲ
1044 739 1130 807 εἶναι

110 826 185 914 πρὸς
200 838 261 908 τοῖς
277 838 408 912 νοητοῖς·
426 830 578 933 προτέλεια
595 828 627 892 66
643 830 694 892 καὶ
709 823 922 933 προκαθάρσια
940 853 993 892 του
979 823 1127 929 ἐνημῖν·

112 919 260 1020 δαίμονος,
276 917 304 978 εἰ
310 909 456 1024 μέλλει
424 939 461 990 τα
470 917 557 994 μείζω
568 919 710 1014 μυεῖσθαι
719 910 894 996 μαθήματα,
912 907 990 993 εἴηἋ
970 937 1009 974 αν
1018 937 1056 975 τα
1043 904 1125 975 δεδι·

111 1008 253 1084 μουσικῆς
268 1001 321 1064 καὶ
337 993 539 1102 ὐριθμητιιιῆς
554 1020 584 1059 τε
601 1021 652 1058 και
642 988 862 1100 ὐστρονομίας
874 997 924 1059 καλ
934 999 1120 1099 γεωμετρίας,

113 1076 429 1196 συνεπιμελονμένων
413 1087 499 1164 ημῶν
509 1080 561 1144 καλ
568 1077 761 1181 τοῦσώματος
772 1075 823 1144 διδ
834 1086 1043 1184 γυμναστικῆς,
1056 1104 1121 1162 ητις

112 1164 257 1268 καὶπρὸς
282 1164 411 1249 πόλεμον
437 1167 489 1230 καλ
498 1188 572 1250 προς
589 1159 711 1249 εἰρήνην
730 1161 838 1228 εὐθετα
860 1161 898 1228 τῦ
918 1161 1038 1245 σούματα
1063 1187 1120 1226 πα-

152 1250 297 1317 σκευάσει.
353 1306 356 1313 .

114 1279 151 1337 W
195 1341 294 1409 XXIX
316 1335 403 1396 Θεέου
419 1334 453 1396 δε
462 1357 608 1414 χρηματυς
623 1358 676 1416 της
682 1325 797 1478 2666563
815 1327 1019 1435 ὑπαρχούσης,
1042 1324 1122 1412 αὐτη

114 1424 168 1521 μέν
184 1420 242 1482 ἐστι
259 1410 393 1488 διάθεσις
408 1421 507 1494 ψυχῆς
529 1419 622 1478 τελεία
642 1417 693 1478 καλ
694 1420 860 1518 βελτίστη,
883 1412 1051 1564 εὐσχήμονα
1069 1415 1120 1478 καλ

114 1500 275 1601 σύμφωνον
291 1522 343 1560 και
333 1499 375 1579 β
376 1498 476 1601 έβαιον
491 1493 701 1598 παρέχουσα
674 1523 725 1561 τον
724 1496 937 1604 άνθρωπονέ
937 1527 954 1562 ν
973 1501 1121 1605 τῷλέγειν

114 1586 166 1648 καλ
181 1579 318 1666 πράττειν
335 1575 411 1643 καθ’
434 1573 542 1683 ἓμυτδν
559 1580 611 1642 καὶ
626 1574 702 1663 πρδς
717 1575 839 1655 ἄλλους
856 1580 896 1647 τοῦ
910 1586 942 1648 δε
953 1588 1019 1664 ειδη
1030 1607 1119 1663 αυτης

114 1669 290 1772 60766666
255 1657 454 1748 αῑδδπερλ
426 1689 459 1728 το
471 1661 580 1747 ῦλογον
595 1671 694 1767 ψυχῆς
710 1664 797 1747 μέρος
806 1664 1075 1767 συνιστάμεναι,ο
1059 1664 1123 1731 οἷον

116 1747 223 1835 ὐνδρία
240 1751 292 1815 καλ
308 1744 496 1860 σωφροσύνη,
514 1749 581 1832 περὶ
597 1743 689 1830 μέν
660 1773 693 1812 το
704 1741 882 1829 θυμικον
846 1772 897 1828 της
913 1743 1037 1829 ὐνδρίας
1050 1773 1123 1813 σον-

117 1836 285 1941 ισταμένης,
308 1858 374 1919 περι
365 1827 466 1898 δὲτὸ
487 1827 703 1915 ἕπιθνμητικδν
725 1857 778 1914 της
794 1831 995 1939 σωφροσύνης.
1022 1834 1124 1913 ἑτέρου

116 1916 174 2005 γάρ
191 1918 275 1995 ’ὄντος
286 1926 338 1984 τοῦ
348 1944 378 1983 τε
395 1925 529 2025 θυμικοῦ
538 1920 653 1983 καὶτοῦ
664 1918 905 2019 *ἐπιθυμητικοῦ
916 1916 1056 1981 καὶτοῦ*
1071 1922 1122 1978 λο-

117 2010 260 2089 γιστικοῦ,
278 1999 459 2089 διάφορος
438 2030 478 2068 αι
494 2007 538 2110 εἴη
555 1997 633 2067 καὶ
616 2029 637 2085 η
649 1999 773 2067 ἕκαστον
759 1997 937 2105 τελεωτης
954 2006 1008 2064 τοῦ
1019 1999 1072 2081 μὲν
1084 1994 1122 2083 δη

117 2096 285 2196 λογιστικοῦ
300 2090 406 2172 μέρους
420 2086 561 2170 τελειότης
578 2083 687 2153 έστιν
670 2115 691 2170 η
708 2082 878 2195 φρόνησις,
877 2112 930 2151 του
916 2087 979 2151 δὲ
986 2091 1124 2187 θνμικοῦ

116 2202 136 2257 η
124 2168 240 2257 ανδρ
239 2198 273 2255 α,
289 2199 342 2237 του
328 2174 386 2239 δὲ
395 2167 646 2279 ἐπιθυμητικοῦ
630 2173 850 2276 ησωφροσύνη
862 2166 949 2279 ημέν
958 2164 997 2250 δη
1009 2166 1122 2272 φρόνη-

118 2263 163 2333 σίς
181 2260 260 2322 ἐστιν
282 2256 424 2360 ἐπιστήμη
446 2253 582 2368 άγαθῶν
578 2261 643 2323 καὶ
664 2264 767 2321 κακῶν
783 2257 834 2365 μαλ
833 2249 1065 2358 οὐδετέρων,
1049 2281 1070 2336 η
1091 2251 1123 2355 δέ

119 2338 297 2442 σωφροσύνη
312 2338 392 2418 τάξις
409 2345 477 2443 περὶ
496 2337 549 2442 663
566 2342 726 2443 ἐπιθυμίας
742 2341 793 2402 καὶ
809 2334 861 2413 τάς
877 2334 999 2441 ὀρέξεις
1001 2339 1052 2403 καὶ
1049 2361 1123 2440 την

119 2417 289 2488 εὐπείθειαν
305 2420 404 2486 αὐτῶν
419 2420 493 2507 πρὸς
509 2419 541 2487 τδ
558 2418 748 2527 ηγεμονικάν,
763 2428 850 2486 τοῦτο
869 2425 946 2488 66''
909 2448 962 2526 ειη
979 2418 1018 2487 66
1028 2448 1063 2486 το
1049 2416 1123 2484 λο·

119 2503 264 2611 γιστικόν·
282 2499 353 2569 ὅταν
370 2507 403 2569 δὲ
420 2513 523 2607 φῶμεν
538 2505 623 2582 τάξιν
639 2530 706 2568 τινα
694 2498 800 2569 εἶναι
817 2507 867 2570 καὶ
886 2495 1098 2571 εὐπείθειαν
1067 2530 1123 2583 την

120 2586 332 2697 σωφροσύνην,
354 2585 488 2654 τοιοῦτόν
510 2615 539 2652 τι
553 2585 790 2692 παρίσταμεν,”
774 2616 818 2655 οτι
842 2591 1019 2696 δύναμίςί
990 2617 1032 2664 τς
1006 2590 1120 2689 ίὶξὲστι

119 2669 192 2740 καθ’
212 2701 252 2758 ην
266 2675 444 2778 τεταγμένως
463 2674 514 2738 καλ
530 2668 676 2748 εὐπειθῶς
691 2675 808 2781 ἔχουσιν
823 2671 891 2739 66'
877 2703 894 2741 ο
896 2678 998 2820 ρέξειςέ
998 2666 1086 2779 πρὸς
1087 2665 1121 2731 τδ

120 2756 207 2841 φύσει
225 2756 405 2835 δεσποτικύν,
418 2753 587 2824 τουτέστι
558 2783 590 2824 το
601 2758 774 2840 λογιστικόν.
791 2755 855 2843 ηδέ
866 2703 998 2870 ὐνδρέαέ
998 2775 1043 2818 στι
1033 2749 1123 2834 δόγ-

120 2870 210 2926 ματος
227 2840 353 2924 ἐννόμου
368 2847 497 2952 σωτηρία
515 2845 616 2945 *περὶ
626 2845 707 2909 τοῦ*
724 2848 823 2909 δεινοῦ
838 2870 870 2908 τε
886 2846 936 2909 καὶ
952 2867 993 2923 μη
982 2837 1121 2918 δεινοῦ,

120 2929 248 2994 τουτέστι
259 2929 437 3010 διασωστικὴ
448 2924 573 3033 δύναμις
582 2923 723 3033 δράγματος
734 2926 867 3010 ἐννομου.
879 2955 899 3009 η
889 2925 941 2992 δὲ
949 2919 1123 3030 δικαιοσύνη

122 3015 180 3118 6566
197 3016 355 3095 συμφωνία
369 3038 414 3088 τις
430 3011 542 3077 τούτων
557 3005 630 3116 πρὸς
638 3010 771 3116 άλληλα,
780 3012 916 3112 δῦναμις
931 3011 1018 3086 οὐσα,
1044 3003 1122 3069 καθ’

120 3123 161 3178 ην
171 3092 309 3180 ὁμολογεῖ
320 3097 372 3160 καὶ
372 3104 539 3200 συμφωνεῖ
548 3091 622 3181 πρὸς
633 3092 746 3177 ὐλληλα
754 3090 792 3159 τῦ
801 3099 850 3180 τρί
849 3123 868 3160 α
871 3097 951 3199 μέρη
960 3117 1012 3173 της
1024 3098 1123 3173 ψυχης

122 3183 172 3244 καλ
188 3183 311 3246 ἕκαστον
327 3176 444 3285 μρδς
415 3189 457 3245 τοῦ
473 3184 619 3246 οἰκελωί
586 3205 697 3284 γνεται
718 3181 806 3244 καλέ
792 3178 978 3280 έπεβάλλοντι
998 3186 1038 3252 [τε
1056 3178 1120 3258 καὶ]

122 3289 177 3329 κατ
180 3259 335 3369 ’σἰξίαν,ε
316 3292 356 3342 ως
373 3259 412 3329 άν
426 3247 582 3331 παντέλεια
591 3291 634 3341 τις
650 3254 725 3328 ουσα
734 3290 794 3328 των
803 3289 895 3347 τριωυ
907 3285 1028 3345 αρετων,
1046 3286 1121 3343 φρο-

66 3344 384 3528 dedptag,
396 3347 602 3438 σωφροσύνης·
618 3345 758 3433 ῦρηονιος
768 3350 828 3430 μὲν
831 3371 884 3411 τοο
870 3351 1045 3430 λογισμοῦ,
1061 3368 1123 3409 των
