<?xml version="1.0" encoding="UTF-8"?>
<!DOCTYPE html PUBLIC "-//W3C//DTD XHTML 1.0 Transitional//EN"
    "http://www.w3.org/TR/xhtml1/DTD/xhtml1-transitional.dtd">
<html xmlns="http://www.w3.org/1999/xhtml" xml:lang="en" lang="en">
 <head>
  <title>
</title>
<meta http-equiv="Content-Type" content="text/html;charset=utf-8" />
  <meta name='ocr-system' content='tesseract 3.04.00' />
  <meta name='ocr-capabilities' content='ocr_page ocr_carea ocr_par ocr_line ocrx_word'/>
</head>
<body>
  <div class='ocr_page' id='page_1' title='image "./dialogisecundum04platgoog_0083.png"; bbox 0 0 2408 3764; ppageno 0'>
   <div class='ocr_carea' id='block_1_1' title="bbox 124 127 793 209">
    <p class='ocr_par' dir='ltr' id='par_1_1' title="bbox 124 127 793 209">
     <span class='ocr_line' id='line_1_1' title="bbox 124 127 793 209; baseline -0.024 1"><span class='ocrx_word' id='word_1_1' title='bbox 124 142 169 209; x_wconf 72' lang='grc' dir='ltr'><strong><em>σο</em></strong></span> <span class='ocrx_word' id='word_1_2' title='bbox 475 127 793 209; x_wconf 65' lang='lat' dir='ltr'><em>marom.</em></span> 
     </span>
    </p>
   </div>
   <div class='ocr_carea' id='block_1_2' title="bbox 92 293 1139 490">
    <p class='ocr_par' dir='ltr' id='par_1_2' title="bbox 92 293 1139 490">
     <span class='ocr_line' id='line_1_2' title="bbox 92 293 1139 384; baseline -0.006 -14"><span class='ocrx_word' id='word_1_3' title='bbox 92 317 113 370; x_wconf 84' lang='grc' dir='ltr'><em>Β</em></span> <span class='ocrx_word' id='word_1_4' title='bbox 132 302 215 374; x_wconf 85' lang='grc' dir='ltr'><strong><em>αύτό</em></strong></span> <span class='ocrx_word' id='word_1_5' title='bbox 227 304 360 371; x_wconf 88' lang='grc' dir='ltr'><strong><em>τιθέναι</em></strong></span> <span class='ocrx_word' id='word_1_6' title='bbox 372 295 455 367; x_wconf 72' lang='grc' dir='ltr'><strong><em>σεῖό</em></strong></span> <span class='ocrx_word' id='word_1_7' title='bbox 466 295 508 384; x_wconf 79' lang='grc' dir='ltr'><strong><em>δὴ</em></strong></span> <span class='ocrx_word' id='word_1_8' title='bbox 524 296 679 382; x_wconf 86' lang='grc' dir='ltr'><strong><em>γνωστόν</em></strong></span> <span class='ocrx_word' id='word_1_9' title='bbox 688 318 726 364; x_wconf 86' lang='grc' dir='ltr'><strong><em>τε</em></strong></span> <span class='ocrx_word' id='word_1_10' title='bbox 741 296 798 364; x_wconf 83' lang='grc' dir='ltr'><strong><em>καὶ</em></strong></span> <span class='ocrx_word' id='word_1_11' title='bbox 814 293 941 383; x_wconf 76' lang='grc' dir='ltr'><strong><em>ἀληθές</em></strong></span> <span class='ocrx_word' id='word_1_12' title='bbox 956 300 1067 368; x_wconf 76' lang='grc' dir='ltr'><strong><em>ἐστιν·</em></strong></span> <span class='ocrx_word' id='word_1_13' title='bbox 1087 294 1139 371; x_wconf 72' lang='grc' dir='ltr'><strong><em>ὧν</em></strong></span> 
     </span>
     <span class='ocr_line' id='line_1_3' title="bbox 129 392 1138 490; baseline -0.003 -17"><span class='ocrx_word' id='word_1_14' title='bbox 129 407 167 473; x_wconf 67' lang='grc' dir='ltr'><strong><em>ἓν</em></strong></span> <span class='ocrx_word' id='word_1_15' title='bbox 178 403 241 490; x_wconf 72' lang='grc' dir='ltr'><strong><em>μέν</em></strong></span> <span class='ocrx_word' id='word_1_16' title='bbox 252 399 371 486; x_wconf 82' lang='grc' dir='ltr'><strong><em>ὄνομα,</em></strong></span> <span class='ocrx_word' id='word_1_17' title='bbox 384 395 547 483; x_wconf 72' lang='grc' dir='ltr'><strong><em>δεύτερον</em></strong></span> <span class='ocrx_word' id='word_1_18' title='bbox 558 393 596 463; x_wconf 72' lang='grc' dir='ltr'><strong><em>δέ</em></strong></span> <span class='ocrx_word' id='word_1_19' title='bbox 607 392 717 481; x_wconf 97' lang='grc' dir='ltr'><strong><em>λόγος,</em></strong></span> <span class='ocrx_word' id='word_1_20' title='bbox 735 393 774 462; x_wconf 83' lang='grc' dir='ltr'><strong><em>τό</em></strong></span> <span class='ocrx_word' id='word_1_21' title='bbox 793 394 832 464; x_wconf 69' lang='grc' dir='ltr'><strong><em>δὲ</em></strong></span> <span class='ocrx_word' id='word_1_22' title='bbox 848 401 964 484; x_wconf 81' lang='grc' dir='ltr'><strong><em>τρίτον</em></strong></span> <span class='ocrx_word' id='word_1_23' title='bbox 981 402 1138 490; x_wconf 71' lang='grc' dir='ltr'><strong><em>εἴδωλον,</em></strong></span> 
     </span>
    </p>
   </div>
   <div class='ocr_carea' id='block_1_3' title="bbox 64 487 1143 3441">
    <p class='ocr_par' dir='ltr' id='par_1_3' title="bbox 127 487 1140 1185">
     <span class='ocr_line' id='line_1_4' title="bbox 127 487 1139 591; baseline -0.005 -17"><span class='ocrx_word' id='word_1_24' title='bbox 127 506 286 591; x_wconf 80' lang='grc' dir='ltr'><strong><em>τέταρτον</em></strong></span> <span class='ocrx_word' id='word_1_25' title='bbox 297 500 334 570; x_wconf 74' lang='grc' dir='ltr'><strong><em>δέ</em></strong></span> <span class='ocrx_word' id='word_1_26' title='bbox 346 491 520 586; x_wconf 66' lang='grc' dir='ltr'><strong><em>έκιστήμηζ</em></strong></span> <span class='ocrx_word' id='word_1_27' title='bbox 544 487 747 581; x_wconf 70' lang='grc' dir='ltr'><strong><em>περλύνούν</em></strong></span> <span class='ocrx_word' id='word_1_28' title='bbox 758 495 840 584; x_wconf 74' lang='grc' dir='ltr'><strong><em>λαβέ</em></strong></span> <span class='ocrx_word' id='word_1_29' title='bbox 851 495 1063 584; x_wconf 81' lang='grc' dir='ltr'><strong><em>βουλόμενος</em></strong></span> <span class='ocrx_word' id='word_1_30' title='bbox 1073 528 1139 589; x_wconf 88' lang='grc' dir='ltr'><strong><em>μα-</em></strong></span> 
     </span>
     <span class='ocr_line' id='line_1_5' title="bbox 127 593 1138 686; baseline -0.005 -13"><span class='ocrx_word' id='word_1_31' title='bbox 127 613 206 673; x_wconf 78' lang='grc' dir='ltr'><strong><em>θεον</em></strong></span> <span class='ocrx_word' id='word_1_32' title='bbox 220 599 258 669; x_wconf 84' lang='grc' dir='ltr'><strong><em>τὸ</em></strong></span> <span class='ocrx_word' id='word_1_33' title='bbox 277 604 344 667; x_wconf 79' lang='grc' dir='ltr'><strong><em>νῦν</em></strong></span> <span class='ocrx_word' id='word_1_34' title='bbox 361 596 557 683; x_wconf 82' lang='grc' dir='ltr'><strong><em>λεγόμενον,</em></strong></span> <span class='ocrx_word' id='word_1_35' title='bbox 574 596 632 661; x_wconf 82' lang='grc' dir='ltr'><strong><em>καλ</em></strong></span> <span class='ocrx_word' id='word_1_36' title='bbox 647 593 784 663; x_wconf 86' lang='grc' dir='ltr'><strong><em>πάντων</em></strong></span> <span class='ocrx_word' id='word_1_37' title='bbox 798 594 888 664; x_wconf 76' lang='grc' dir='ltr'><strong><em>οὕτω</em></strong></span> <span class='ocrx_word' id='word_1_38' title='bbox 905 597 983 685; x_wconf 86' lang='grc' dir='ltr'><strong><em>πέρι</em></strong></span> <span class='ocrx_word' id='word_1_39' title='bbox 999 597 1138 686; x_wconf 89' lang='grc' dir='ltr'><strong><em>νόησον.</em></strong></span> 
     </span>
     <span class='ocr_line' id='line_1_6' title="bbox 128 684 1140 786; baseline -0.001 -17"><span class='ocrx_word' id='word_1_40' title='bbox 128 700 254 778; x_wconf 92' lang='grc' dir='ltr'><strong><em>κύκλος</em></strong></span> <span class='ocrx_word' id='word_1_41' title='bbox 269 700 341 766; x_wconf 86' lang='grc' dir='ltr'><strong><em>έστί</em></strong></span> <span class='ocrx_word' id='word_1_42' title='bbox 348 720 381 765; x_wconf 90' lang='grc' dir='ltr'><strong><em>τι</em></strong></span> <span class='ocrx_word' id='word_1_43' title='bbox 396 695 594 782; x_wconf 85' lang='grc' dir='ltr'><strong><em>λεγόμενον,</em></strong></span> <span class='ocrx_word' id='word_1_44' title='bbox 609 684 748 784; x_wconf 70' lang='grc' dir='ltr'><strong><em>ᾦτούύ</em></strong></span> <span class='ocrx_word' id='word_1_45' title='bbox 767 690 852 762; x_wconf 89' lang='grc' dir='ltr'><strong><em>αύτό</em></strong></span> <span class='ocrx_word' id='word_1_46' title='bbox 870 693 964 777; x_wconf 77' lang='grc' dir='ltr'><strong><em>ἐστιν</em></strong></span> <span class='ocrx_word' id='word_1_47' title='bbox 981 695 1102 786; x_wconf 82' lang='grc' dir='ltr'><strong><em>ὄνομα,</em></strong></span> <span class='ocrx_word' id='word_1_48' title='bbox 1119 695 1140 768; x_wconf 78' lang='grc' dir='ltr'><strong><em>ό</em></strong></span> 
     </span>
     <span class='ocr_line' id='line_1_7' title="bbox 129 789 1140 884; baseline -0.002 -16"><span class='ocrx_word' id='word_1_49' title='bbox 129 804 197 869; x_wconf 86' lang='grc' dir='ltr'><strong><em>νύν</em></strong></span> <span class='ocrx_word' id='word_1_50' title='bbox 209 798 421 883; x_wconf 71' lang='grc' dir='ltr'><strong><em>ἐφθέγμεθα·</em></strong></span> <span class='ocrx_word' id='word_1_51' title='bbox 444 795 545 881; x_wconf 89' lang='grc' dir='ltr'><strong><em>λόγος</em></strong></span> <span class='ocrx_word' id='word_1_52' title='bbox 555 791 588 861; x_wconf 80' lang='grc' dir='ltr'><strong><em>δ’</em></strong></span> <span class='ocrx_word' id='word_1_53' title='bbox 602 789 711 861; x_wconf 84' lang='grc' dir='ltr'><strong><em>αύτοῦ</em></strong></span> <span class='ocrx_word' id='word_1_54' title='bbox 722 789 759 861; x_wconf 86' lang='grc' dir='ltr'><strong><em>τό</em></strong></span> <span class='ocrx_word' id='word_1_55' title='bbox 773 791 947 881; x_wconf 75' lang='grc' dir='ltr'><strong><em>δεύτερον,</em></strong></span> <span class='ocrx_word' id='word_1_56' title='bbox 959 796 993 876; x_wconf 79' lang='grc' dir='ltr'><strong><em>ἐξ</em></strong></span> <span class='ocrx_word' id='word_1_57' title='bbox 1011 793 1140 884; x_wconf 87' lang='grc' dir='ltr'><strong><em>ὀνομά-</em></strong></span> 
     </span>
     <span class='ocr_line' id='line_1_8' title="bbox 129 888 1140 983; baseline -0.001 -18"><span class='ocrx_word' id='word_1_58' title='bbox 129 921 198 966; x_wconf 88' lang='grc' dir='ltr'><strong><em>των</em></strong></span> <span class='ocrx_word' id='word_1_59' title='bbox 209 897 266 963; x_wconf 80' lang='grc' dir='ltr'><strong><em>καὶ</em></strong></span> <span class='ocrx_word' id='word_1_60' title='bbox 281 894 440 983; x_wconf 68' lang='grc' dir='ltr'><strong><em>ῥημάτων</em></strong></span> <span class='ocrx_word' id='word_1_61' title='bbox 452 899 687 978; x_wconf 86' lang='grc' dir='ltr'><strong><em>συγκείμενος·</em></strong></span> <span class='ocrx_word' id='word_1_62' title='bbox 709 888 831 979; x_wconf 76' lang='grc' dir='ltr'><strong><em>τὸγὰρ</em></strong></span> <span class='ocrx_word' id='word_1_63' title='bbox 848 893 886 960; x_wconf 83' lang='grc' dir='ltr'><strong><em>ἐκ</em></strong></span> <span class='ocrx_word' id='word_1_64' title='bbox 903 899 973 962; x_wconf 75' lang='grc' dir='ltr'><strong><em>τῶν</em></strong></span> <span class='ocrx_word' id='word_1_65' title='bbox 989 896 1140 981; x_wconf 74' lang='grc' dir='ltr'><strong><em>ἐσχάτων</em></strong></span> 
     </span>
     <span class='ocr_line' id='line_1_9' title="bbox 129 986 1137 1081; baseline -0.006 -17"><span class='ocrx_word' id='word_1_66' title='bbox 129 996 185 1064; x_wconf 83' lang='grc' dir='ltr'><strong><em>έπλ</em></strong></span> <span class='ocrx_word' id='word_1_67' title='bbox 200 991 238 1063; x_wconf 86' lang='grc' dir='ltr'><strong><em>τό</em></strong></span> <span class='ocrx_word' id='word_1_68' title='bbox 261 995 366 1081; x_wconf 84' lang='grc' dir='ltr'><strong><em>μέσον</em></strong></span> <span class='ocrx_word' id='word_1_69' title='bbox 389 1001 465 1060; x_wconf 76' lang='grc' dir='ltr'><strong><em>ἴσον</em></strong></span> <span class='ocrx_word' id='word_1_70' title='bbox 483 988 609 1075; x_wconf 84' lang='grc' dir='ltr'><strong><em>άπέχου</em></strong></span> <span class='ocrx_word' id='word_1_71' title='bbox 625 989 746 1076; x_wconf 90' lang='grc' dir='ltr'><strong><em>πάντη,</em></strong></span> <span class='ocrx_word' id='word_1_72' title='bbox 757 989 859 1076; x_wconf 88' lang='grc' dir='ltr'><strong><em>λόγος</em></strong></span> <span class='ocrx_word' id='word_1_73' title='bbox 874 986 919 1059; x_wconf 87' lang='grc' dir='ltr'><strong><em>άν</em></strong></span> <span class='ocrx_word' id='word_1_74' title='bbox 936 1000 988 1078; x_wconf 78' lang='grc' dir='ltr'><strong><em>ελη</em></strong></span> <span class='ocrx_word' id='word_1_75' title='bbox 1006 995 1137 1060; x_wconf 77' lang='grc' dir='ltr'><strong><em>ἐκείνου</em></strong></span> 
     </span>
     <span class='ocr_line' id='line_1_10' title="bbox 131 1085 1136 1185; baseline -0.004 -23"><span class='ocrx_word' id='word_1_76' title='bbox 131 1085 445 1185; x_wconf 68' lang='grc' dir='ltr'><strong><em>ᾧπερστρογγύλόν</em></strong></span> <span class='ocrx_word' id='word_1_77' title='bbox 457 1091 514 1157; x_wconf 84' lang='grc' dir='ltr'><strong><em>καλ</em></strong></span> <span class='ocrx_word' id='word_1_78' title='bbox 524 1089 705 1176; x_wconf 71' lang='grc' dir='ltr'><strong><em>περιφερές</em></strong></span> <span class='ocrx_word' id='word_1_79' title='bbox 717 1087 826 1177; x_wconf 80' lang='grc' dir='ltr'><strong><em>ὄνομα</em></strong></span> <span class='ocrx_word' id='word_1_80' title='bbox 837 1091 894 1160; x_wconf 86' lang='grc' dir='ltr'><strong><em>καλ</em></strong></span> <span class='ocrx_word' id='word_1_81' title='bbox 904 1093 1038 1171; x_wconf 82' lang='grc' dir='ltr'><strong><em>κύκλος.</em></strong></span> <span class='ocrx_word' id='word_1_82' title='bbox 1064 1095 1136 1175; x_wconf 80' lang='grc' dir='ltr'><strong><em>τρύ-</em></strong></span> 
     </span>
    </p>

    <p class='ocr_par' dir='ltr' id='par_1_4' title="bbox 97 1185 1141 1867">
     <span class='ocr_line' id='line_1_11' title="bbox 97 1185 1138 1274; baseline 0 -18"><span class='ocrx_word' id='word_1_83' title='bbox 97 1205 116 1256; x_wconf 82' lang='lat' dir='ltr'><strong>c</strong></span> <span class='ocrx_word' id='word_1_84' title='bbox 134 1216 195 1259; x_wconf 91' lang='grc' dir='ltr'><strong><em>τον</em></strong></span> <span class='ocrx_word' id='word_1_85' title='bbox 206 1189 243 1259; x_wconf 74' lang='grc' dir='ltr'><strong><em>δὲ</em></strong></span> <span class='ocrx_word' id='word_1_86' title='bbox 254 1189 292 1256; x_wconf 84' lang='grc' dir='ltr'><strong><em>τό</em></strong></span> <span class='ocrx_word' id='word_1_87' title='bbox 306 1185 593 1274; x_wconf 78' lang='grc' dir='ltr'><strong><em>ζωγραφούμενόν</em></strong></span> <span class='ocrx_word' id='word_1_88' title='bbox 603 1211 639 1254; x_wconf 89' lang='grc' dir='ltr'><strong><em>τε</em></strong></span> <span class='ocrx_word' id='word_1_89' title='bbox 649 1188 706 1254; x_wconf 82' lang='grc' dir='ltr'><strong><em>καὶ</em></strong></span> <span class='ocrx_word' id='word_1_90' title='bbox 722 1187 982 1272; x_wconf 81' lang='grc' dir='ltr'><strong><em>ἐξαλειφόμενον</em></strong></span> <span class='ocrx_word' id='word_1_91' title='bbox 992 1191 1049 1256; x_wconf 80' lang='grc' dir='ltr'><strong><em>καὶ</em></strong></span> <span class='ocrx_word' id='word_1_92' title='bbox 1059 1212 1138 1274; x_wconf 86' lang='grc' dir='ltr'><strong><em>τορ-</em></strong></span> 
     </span>
     <span class='ocr_line' id='line_1_12' title="bbox 128 1277 1139 1374; baseline -0.005 -16"><span class='ocrx_word' id='word_1_93' title='bbox 128 1287 317 1373; x_wconf 82' lang='grc' dir='ltr'><strong><em>νευόμενον</em></strong></span> <span class='ocrx_word' id='word_1_94' title='bbox 327 1288 383 1352; x_wconf 81' lang='grc' dir='ltr'><strong><em>καλ</em></strong></span> <span class='ocrx_word' id='word_1_95' title='bbox 395 1281 641 1370; x_wconf 81' lang='grc' dir='ltr'><strong><em>ἀπολλύμενον·</em></strong></span> <span class='ocrx_word' id='word_1_96' title='bbox 655 1277 706 1353; x_wconf 74' lang='grc' dir='ltr'><strong><em>ὦν</em></strong></span> <span class='ocrx_word' id='word_1_97' title='bbox 717 1281 848 1365; x_wconf 86' lang='grc' dir='ltr'><strong><em>αύτὸςὸ</em></strong></span> <span class='ocrx_word' id='word_1_98' title='bbox 860 1283 995 1371; x_wconf 84' lang='grc' dir='ltr'><strong><em>κύκλος,</em></strong></span> <span class='ocrx_word' id='word_1_99' title='bbox 1008 1282 1051 1354; x_wconf 78' lang='grc' dir='ltr'><strong><em>ὃν</em></strong></span> <span class='ocrx_word' id='word_1_100' title='bbox 1062 1289 1139 1374; x_wconf 90' lang='grc' dir='ltr'><strong><em>πέρι</em></strong></span> 
     </span>
     <span class='ocr_line' id='line_1_13' title="bbox 130 1379 1139 1472; baseline -0.007 -15"><span class='ocrx_word' id='word_1_101' title='bbox 130 1383 230 1457; x_wconf 83' lang='grc' dir='ltr'><strong><em>πάντ’</em></strong></span> <span class='ocrx_word' id='word_1_102' title='bbox 253 1385 324 1451; x_wconf 76' lang='grc' dir='ltr'><strong><em>ἐστὶ</em></strong></span> <span class='ocrx_word' id='word_1_103' title='bbox 345 1389 462 1469; x_wconf 78' lang='grc' dir='ltr'><strong><em>ταῦτα,</em></strong></span> <span class='ocrx_word' id='word_1_104' title='bbox 481 1381 585 1452; x_wconf 68' lang='grc' dir='ltr'><strong><em>οὐδέν</em></strong></span> <span class='ocrx_word' id='word_1_105' title='bbox 603 1384 724 1471; x_wconf 79' lang='grc' dir='ltr'><strong><em>πάσχει</em></strong></span> <span class='ocrx_word' id='word_1_106' title='bbox 739 1385 871 1452; x_wconf 87' lang='grc' dir='ltr'><strong><em>τούτων</em></strong></span> <span class='ocrx_word' id='word_1_107' title='bbox 887 1379 933 1464; x_wconf 78' lang='grc' dir='ltr'><strong><em>ὡς</em></strong></span> <span class='ocrx_word' id='word_1_108' title='bbox 949 1383 1139 1472; x_wconf 51' lang='grc' dir='ltr'><strong><em>ἕτερον’ὄν.</em></strong></span> 
     </span>
     <span class='ocr_line' id='line_1_14' title="bbox 130 1479 1138 1570; baseline -0.003 -17"><span class='ocrx_word' id='word_1_109' title='bbox 130 1488 289 1570; x_wconf 83' lang='grc' dir='ltr'><strong><em>τέταρτον</em></strong></span> <span class='ocrx_word' id='word_1_110' title='bbox 297 1480 334 1550; x_wconf 74' lang='grc' dir='ltr'><strong><em>δέ</em></strong></span> <span class='ocrx_word' id='word_1_111' title='bbox 343 1481 506 1568; x_wconf 79' lang='grc' dir='ltr'><strong><em>ἐπιστήμη</em></strong></span> <span class='ocrx_word' id='word_1_112' title='bbox 517 1484 573 1549; x_wconf 77' lang='grc' dir='ltr'><strong><em>καὶ</em></strong></span> <span class='ocrx_word' id='word_1_113' title='bbox 583 1488 667 1563; x_wconf 85' lang='grc' dir='ltr'><strong><em>νούς</em></strong></span> <span class='ocrx_word' id='word_1_114' title='bbox 678 1481 808 1570; x_wconf 83' lang='grc' dir='ltr'><strong><em>άληθής</em></strong></span> <span class='ocrx_word' id='word_1_115' title='bbox 818 1507 855 1551; x_wconf 85' lang='grc' dir='ltr'><strong><em>τε</em></strong></span> <span class='ocrx_word' id='word_1_116' title='bbox 865 1482 948 1564; x_wconf 75' lang='grc' dir='ltr'><strong><em>δόξα</em></strong></span> <span class='ocrx_word' id='word_1_117' title='bbox 957 1482 1034 1570; x_wconf 81' lang='grc' dir='ltr'><strong><em>περὶ</em></strong></span> <span class='ocrx_word' id='word_1_118' title='bbox 1044 1479 1138 1550; x_wconf 82' lang='grc' dir='ltr'><strong><em>ταῦτ’</em></strong></span> 
     </span>
     <span class='ocr_line' id='line_1_15' title="bbox 131 1574 1141 1670; baseline -0.002 -21"><span class='ocrx_word' id='word_1_119' title='bbox 131 1584 238 1649; x_wconf 75' lang='grc' dir='ltr'><strong><em>ἐστίν·</em></strong></span> <span class='ocrx_word' id='word_1_120' title='bbox 261 1576 307 1661; x_wconf 80' lang='grc' dir='ltr'><strong><em>ύς</em></strong></span> <span class='ocrx_word' id='word_1_121' title='bbox 328 1580 366 1649; x_wconf 72' lang='grc' dir='ltr'><strong><em>δὲ</em></strong></span> <span class='ocrx_word' id='word_1_122' title='bbox 388 1584 426 1648; x_wconf 70' lang='grc' dir='ltr'><strong><em>ἓν</em></strong></span> <span class='ocrx_word' id='word_1_123' title='bbox 448 1587 548 1650; x_wconf 85' lang='grc' dir='ltr'><strong><em>τούτο</em></strong></span> <span class='ocrx_word' id='word_1_124' title='bbox 569 1574 616 1649; x_wconf 85' lang='grc' dir='ltr'><strong><em>αύ</em></strong></span> <span class='ocrx_word' id='word_1_125' title='bbox 637 1588 705 1649; x_wconf 85' lang='grc' dir='ltr'><strong><em>πάν</em></strong></span> <span class='ocrx_word' id='word_1_126' title='bbox 721 1585 854 1670; x_wconf 84' lang='grc' dir='ltr'><strong><em>θετέον,</em></strong></span> <span class='ocrx_word' id='word_1_127' title='bbox 872 1577 937 1650; x_wconf 88' lang='grc' dir='ltr'><strong><em>ούκ</em></strong></span> <span class='ocrx_word' id='word_1_128' title='bbox 953 1581 992 1649; x_wconf 84' lang='grc' dir='ltr'><strong><em>έν</em></strong></span> <span class='ocrx_word' id='word_1_129' title='bbox 1009 1594 1141 1666; x_wconf 73' lang='grc' dir='ltr'><strong><em>φωναῖς</em></strong></span> 
     </span>
     <span class='ocr_line' id='line_1_16' title="bbox 132 1671 1141 1771; baseline -0.001 -23"><span class='ocrx_word' id='word_1_130' title='bbox 132 1676 210 1748; x_wconf 76' lang='grc' dir='ltr'><strong><em>οὐδ’</em></strong></span> <span class='ocrx_word' id='word_1_131' title='bbox 225 1682 262 1747; x_wconf 79' lang='grc' dir='ltr'><strong><em>ἐν</em></strong></span> <span class='ocrx_word' id='word_1_132' title='bbox 274 1679 439 1767; x_wconf 87' lang='grc' dir='ltr'><strong><em>σωμάτων</em></strong></span> <span class='ocrx_word' id='word_1_133' title='bbox 450 1677 696 1768; x_wconf 77' lang='grc' dir='ltr'><strong><em>σχήμασινάλλ</em></strong></span> <span class='ocrx_word' id='word_1_134' title='bbox 711 1682 749 1748; x_wconf 83' lang='grc' dir='ltr'><strong><em>ἐν</em></strong></span> <span class='ocrx_word' id='word_1_135' title='bbox 760 1694 882 1767; x_wconf 68' lang='grc' dir='ltr'><strong><em>ψυχαῖς</em></strong></span> <span class='ocrx_word' id='word_1_136' title='bbox 893 1678 983 1766; x_wconf 84' lang='grc' dir='ltr'><strong><em>ένόν,</em></strong></span> <span class='ocrx_word' id='word_1_137' title='bbox 996 1671 1024 1771; x_wconf 76' lang='grc' dir='ltr'><em>ᾧ</em></span> <span class='ocrx_word' id='word_1_138' title='bbox 1035 1684 1141 1767; x_wconf 80' lang='grc' dir='ltr'><strong><em>δῆλον</em></strong></span> 
     </span>
     <span class='ocr_line' id='line_1_17' title="bbox 132 1773 1140 1867; baseline -0.001 -20"><span class='ocrx_word' id='word_1_139' title='bbox 132 1776 250 1867; x_wconf 73' lang='grc' dir='ltr'><strong><em>ἔτερόν</em></strong></span> <span class='ocrx_word' id='word_1_140' title='bbox 262 1803 299 1846; x_wconf 88' lang='grc' dir='ltr'><strong><em>τε</em></strong></span> <span class='ocrx_word' id='word_1_141' title='bbox 311 1773 353 1847; x_wconf 85' lang='grc' dir='ltr'><strong><em>όν</em></strong></span> <span class='ocrx_word' id='word_1_142' title='bbox 365 1774 475 1847; x_wconf 83' lang='grc' dir='ltr'><strong><em>αύτού</em></strong></span> <span class='ocrx_word' id='word_1_143' title='bbox 485 1785 548 1847; x_wconf 83' lang='grc' dir='ltr'><strong><em>τού</em></strong></span> <span class='ocrx_word' id='word_1_144' title='bbox 566 1778 697 1847; x_wconf 90' lang='grc' dir='ltr'><strong><em>κύκλου</em></strong></span> <span class='ocrx_word' id='word_1_145' title='bbox 714 1783 773 1864; x_wconf 79' lang='grc' dir='ltr'><strong><em>τῆς</em></strong></span> <span class='ocrx_word' id='word_1_146' title='bbox 790 1778 926 1865; x_wconf 87' lang='grc' dir='ltr'><strong><em>φύσεως</em></strong></span> <span class='ocrx_word' id='word_1_147' title='bbox 941 1783 1010 1847; x_wconf 78' lang='grc' dir='ltr'><strong><em>τῶν</em></strong></span> <span class='ocrx_word' id='word_1_148' title='bbox 1025 1802 1062 1845; x_wconf 88' lang='grc' dir='ltr'><strong><em>τε</em></strong></span> <span class='ocrx_word' id='word_1_149' title='bbox 1082 1783 1140 1864; x_wconf 77' lang='grc' dir='ltr'><strong><em>ἒμ·</em></strong></span> 
     </span>
    </p>

    <p class='ocr_par' dir='ltr' id='par_1_5' title="bbox 91 1875 1143 2553">
     <span class='ocr_line' id='line_1_18' title="bbox 91 1875 1140 1966; baseline 0 -22"><span class='ocrx_word' id='word_1_150' title='bbox 91 1892 114 1944; x_wconf 83' lang='grc'><strong><em>1)</em></strong></span> <span class='ocrx_word' id='word_1_151' title='bbox 133 1888 286 1965; x_wconf 86' lang='grc' dir='ltr'><strong><em>προσθεν</em></strong></span> <span class='ocrx_word' id='word_1_152' title='bbox 296 1880 488 1964; x_wconf 84' lang='grc' dir='ltr'><strong><em>λεχθέντων</em></strong></span> <span class='ocrx_word' id='word_1_153' title='bbox 497 1884 612 1966; x_wconf 76' lang='grc' dir='ltr'><strong><em>τριῶν·</em></strong></span> <span class='ocrx_word' id='word_1_154' title='bbox 624 1879 755 1947; x_wconf 89' lang='grc' dir='ltr'><strong><em>τούτων</em></strong></span> <span class='ocrx_word' id='word_1_155' title='bbox 767 1877 804 1945; x_wconf 70' lang='grc' dir='ltr'><strong><em>δὲ</em></strong></span> <span class='ocrx_word' id='word_1_156' title='bbox 811 1875 976 1964; x_wconf 80' lang='grc' dir='ltr'><strong><em>ἐγγύτατα</em></strong></span> <span class='ocrx_word' id='word_1_157' title='bbox 986 1875 1048 1963; x_wconf 73' lang='grc' dir='ltr'><strong><em>μέν</em></strong></span> <span class='ocrx_word' id='word_1_158' title='bbox 1059 1880 1140 1962; x_wconf 81' lang='grc' dir='ltr'><strong><em>ξυγ-</em></strong></span> 
     </span>
     <span class='ocr_line' id='line_1_19' title="bbox 131 1966 1140 2063; baseline 0.001 -22"><span class='ocrx_word' id='word_1_159' title='bbox 131 1976 310 2063; x_wconf 78' lang='grc' dir='ltr'><strong><em>γενεέᾳκαλ</em></strong></span> <span class='ocrx_word' id='word_1_160' title='bbox 319 1970 492 2062; x_wconf 86' lang='grc' dir='ltr'><strong><em>ὁμοιότητι</em></strong></span> <span class='ocrx_word' id='word_1_161' title='bbox 504 1982 566 2044; x_wconf 81' lang='grc' dir='ltr'><strong><em>τού</em></strong></span> <span class='ocrx_word' id='word_1_162' title='bbox 578 1978 729 2062; x_wconf 88' lang='grc' dir='ltr'><strong><em>πέμπτου</em></strong></span> <span class='ocrx_word' id='word_1_163' title='bbox 740 1979 824 2055; x_wconf 88' lang='grc' dir='ltr'><strong><em>νούς</em></strong></span> <span class='ocrx_word' id='word_1_164' title='bbox 834 1979 1049 2060; x_wconf 88' lang='grc' dir='ltr'><strong><em>πεπλησίακε,</em></strong></span> <span class='ocrx_word' id='word_1_165' title='bbox 1061 1966 1140 2042; x_wconf 86' lang='grc' dir='ltr'><strong><em>τάλ-</em></strong></span> 
     </span>
     <span class='ocr_line' id='line_1_20' title="bbox 133 2068 1141 2161; baseline -0.001 -20"><span class='ocrx_word' id='word_1_166' title='bbox 133 2080 176 2141; x_wconf 90' lang='grc' dir='ltr'><strong><em>λα</em></strong></span> <span class='ocrx_word' id='word_1_167' title='bbox 191 2071 229 2141; x_wconf 74' lang='grc' dir='ltr'><strong><em>δὲ</em></strong></span> <span class='ocrx_word' id='word_1_168' title='bbox 246 2075 350 2141; x_wconf 83' lang='grc' dir='ltr'><strong><em>πλέον</em></strong></span> <span class='ocrx_word' id='word_1_169' title='bbox 364 2071 488 2161; x_wconf 87' lang='grc' dir='ltr'><strong><em>άπέχει.</em></strong></span> <span class='ocrx_word' id='word_1_170' title='bbox 515 2072 642 2145; x_wconf 79' lang='grc' dir='ltr'><strong><em>ταύτὸν</em></strong></span> <span class='ocrx_word' id='word_1_171' title='bbox 658 2072 701 2161; x_wconf 77' lang='grc' dir='ltr'><strong><em>θη</em></strong></span> <span class='ocrx_word' id='word_1_172' title='bbox 717 2078 796 2161; x_wconf 77' lang='grc' dir='ltr'><strong><em>περί</em></strong></span> <span class='ocrx_word' id='word_1_173' title='bbox 811 2097 847 2139; x_wconf 90' lang='grc' dir='ltr'><strong><em>τε</em></strong></span> <span class='ocrx_word' id='word_1_174' title='bbox 862 2068 984 2151; x_wconf 80' lang='grc' dir='ltr'><strong><em>εὐθέος</em></strong></span> <span class='ocrx_word' id='word_1_175' title='bbox 1000 2069 1068 2158; x_wconf 80' lang='grc' dir='ltr'><strong><em>ἅμα</em></strong></span> <span class='ocrx_word' id='word_1_176' title='bbox 1086 2074 1141 2140; x_wconf 84' lang='grc' dir='ltr'><strong><em>ιἰαλ</em></strong></span> 
     </span>
     <span class='ocr_line' id='line_1_21' title="bbox 133 2166 1140 2262; baseline -0.002 -20"><span class='ocrx_word' id='word_1_177' title='bbox 133 2178 341 2262; x_wconf 78' lang='grc' dir='ltr'><strong><em>περιφεροῦς</em></strong></span> <span class='ocrx_word' id='word_1_178' title='bbox 352 2172 517 2261; x_wconf 79' lang='grc' dir='ltr'><strong><em>σχήματος</em></strong></span> <span class='ocrx_word' id='word_1_179' title='bbox 528 2177 584 2243; x_wconf 82' lang='grc' dir='ltr'><strong><em>καὶ</em></strong></span> <span class='ocrx_word' id='word_1_180' title='bbox 594 2174 708 2261; x_wconf 84' lang='grc' dir='ltr'><strong><em>χρόας,</em></strong></span> <span class='ocrx_word' id='word_1_181' title='bbox 719 2176 799 2257; x_wconf 85' lang='grc' dir='ltr'><strong><em>περί</em></strong></span> <span class='ocrx_word' id='word_1_182' title='bbox 812 2195 848 2237; x_wconf 87' lang='grc' dir='ltr'><strong><em>τε</em></strong></span> <span class='ocrx_word' id='word_1_183' title='bbox 859 2166 996 2254; x_wconf 79' lang='grc' dir='ltr'><strong><em>άγωθού</em></strong></span> <span class='ocrx_word' id='word_1_184' title='bbox 1007 2172 1065 2238; x_wconf 84' lang='grc' dir='ltr'><strong><em>καὶ</em></strong></span> <span class='ocrx_word' id='word_1_185' title='bbox 1079 2199 1140 2240; x_wconf 88' lang='grc' dir='ltr'><strong><em>κα-</em></strong></span> 
     </span>
     <span class='ocr_line' id='line_1_22' title="bbox 132 2266 1141 2363; baseline -0.002 -24"><span class='ocrx_word' id='word_1_186' title='bbox 132 2278 198 2339; x_wconf 84' lang='grc' dir='ltr'><strong><em>λού</em></strong></span> <span class='ocrx_word' id='word_1_187' title='bbox 208 2276 264 2340; x_wconf 83' lang='grc' dir='ltr'><strong><em>καλ</em></strong></span> <span class='ocrx_word' id='word_1_188' title='bbox 276 2276 423 2361; x_wconf 77' lang='grc' dir='ltr'><strong><em>δικαίου,</em></strong></span> <span class='ocrx_word' id='word_1_189' title='bbox 429 2275 486 2342; x_wconf 84' lang='grc' dir='ltr'><strong><em>καλ</em></strong></span> <span class='ocrx_word' id='word_1_190' title='bbox 496 2275 573 2363; x_wconf 77' lang='grc' dir='ltr'><strong><em>περὶ</em></strong></span> <span class='ocrx_word' id='word_1_191' title='bbox 585 2272 737 2358; x_wconf 77' lang='grc' dir='ltr'><strong><em>σώματος</em></strong></span> <span class='ocrx_word' id='word_1_192' title='bbox 747 2266 894 2344; x_wconf 80' lang='grc' dir='ltr'><strong><em>ἅπαντος</em></strong></span> <span class='ocrx_word' id='word_1_193' title='bbox 906 2276 1094 2336; x_wconf 83' lang='grc' dir='ltr'><strong><em>σκευαστοῦ</em></strong></span> <span class='ocrx_word' id='word_1_194' title='bbox 1106 2293 1141 2337; x_wconf 88' lang='grc' dir='ltr'><strong><em>τε</em></strong></span> 
     </span>
     <span class='ocr_line' id='line_1_23' title="bbox 133 2362 1143 2457; baseline 0 -23"><span class='ocrx_word' id='word_1_195' title='bbox 133 2369 189 2434; x_wconf 83' lang='grc' dir='ltr'><strong><em>καὶ</em></strong></span> <span class='ocrx_word' id='word_1_196' title='bbox 204 2369 289 2435; x_wconf 84' lang='grc' dir='ltr'><strong><em>κατὰ</em></strong></span> <span class='ocrx_word' id='word_1_197' title='bbox 301 2370 411 2454; x_wconf 92' lang='grc' dir='ltr'><strong><em>φύσιν</em></strong></span> <span class='ocrx_word' id='word_1_198' title='bbox 421 2370 611 2457; x_wconf 86' lang='grc' dir='ltr'><strong><em>γεγονότος,</em></strong></span> <span class='ocrx_word' id='word_1_199' title='bbox 624 2363 732 2453; x_wconf 84' lang='grc' dir='ltr'><strong><em>πυρός</em></strong></span> <span class='ocrx_word' id='word_1_200' title='bbox 742 2362 867 2444; x_wconf 79' lang='grc' dir='ltr'><strong><em>ύὸατός</em></strong></span> <span class='ocrx_word' id='word_1_201' title='bbox 878 2387 914 2432; x_wconf 88' lang='grc' dir='ltr'><strong><em>τε</em></strong></span> <span class='ocrx_word' id='word_1_202' title='bbox 924 2365 981 2432; x_wconf 84' lang='grc' dir='ltr'><strong><em>καλ</em></strong></span> <span class='ocrx_word' id='word_1_203' title='bbox 991 2371 1061 2434; x_wconf 73' lang='grc' dir='ltr'><strong><em>τοῖν</em></strong></span> <span class='ocrx_word' id='word_1_204' title='bbox 1071 2392 1143 2434; x_wconf 90' lang='grc' dir='ltr'><strong><em>τοι-</em></strong></span> 
     </span>
     <span class='ocr_line' id='line_1_24' title="bbox 133 2465 1143 2553; baseline 0.001 -22"><span class='ocrx_word' id='word_1_205' title='bbox 133 2465 246 2531; x_wconf 92' lang='grc' dir='ltr'><strong><em>ούτων</em></strong></span> <span class='ocrx_word' id='word_1_206' title='bbox 258 2466 408 2553; x_wconf 86' lang='grc' dir='ltr'><strong><em>πάντων,</em></strong></span> <span class='ocrx_word' id='word_1_207' title='bbox 423 2471 480 2535; x_wconf 83' lang='grc' dir='ltr'><strong><em>καλ</em></strong></span> <span class='ocrx_word' id='word_1_208' title='bbox 497 2466 584 2547; x_wconf 76' lang='grc' dir='ltr'><strong><em>ζύου</em></strong></span> <span class='ocrx_word' id='word_1_209' title='bbox 602 2465 793 2551; x_wconf 82' lang='grc' dir='ltr'><strong><em>ξύμπαντος</em></strong></span> <span class='ocrx_word' id='word_1_210' title='bbox 804 2465 881 2551; x_wconf 81' lang='grc' dir='ltr'><strong><em>πέρι</em></strong></span> <span class='ocrx_word' id='word_1_211' title='bbox 892 2466 949 2533; x_wconf 84' lang='grc' dir='ltr'><strong><em>καλ</em></strong></span> <span class='ocrx_word' id='word_1_212' title='bbox 966 2466 1004 2533; x_wconf 80' lang='grc' dir='ltr'><strong><em>έν</em></strong></span> <span class='ocrx_word' id='word_1_213' title='bbox 1021 2478 1143 2550; x_wconf 74' lang='grc' dir='ltr'><strong><em>ψυχαῖς</em></strong></span> 
     </span>
    </p>

    <p class='ocr_par' dir='ltr' id='par_1_6' title="bbox 64 2556 1143 3441">
     <span class='ocr_line' id='line_1_25' title="bbox 65 2556 1141 2650; baseline -0.004 -23"><span class='ocrx_word' id='word_1_214' title='bbox 65 2621 67 2627; x_wconf 94' lang='grc'>.</span> <span class='ocrx_word' id='word_1_215' title='bbox 132 2556 253 2646; x_wconf 76' lang='grc' dir='ltr'><strong><em>ἤθους,</em></strong></span> <span class='ocrx_word' id='word_1_216' title='bbox 266 2561 322 2628; x_wconf 86' lang='grc' dir='ltr'><strong><em>καλ</em></strong></span> <span class='ocrx_word' id='word_1_217' title='bbox 339 2562 417 2650; x_wconf 81' lang='grc' dir='ltr'><strong><em>περὶ</em></strong></span> <span class='ocrx_word' id='word_1_218' title='bbox 433 2563 600 2648; x_wconf 81' lang='grc' dir='ltr'><strong><em>ποιήματα</em></strong></span> <span class='ocrx_word' id='word_1_219' title='bbox 613 2560 670 2629; x_wconf 82' lang='grc' dir='ltr'><strong><em>καὶ</em></strong></span> <span class='ocrx_word' id='word_1_220' title='bbox 687 2559 870 2646; x_wconf 71' lang='grc' dir='ltr'><strong><em>παθήματα</em></strong></span> <span class='ocrx_word' id='word_1_221' title='bbox 887 2561 1076 2649; x_wconf 83' lang='grc' dir='ltr'><strong><em>ξύμπαντα·</em></strong></span> <span class='ocrx_word' id='word_1_222' title='bbox 1099 2557 1141 2624; x_wconf 86' lang='grc' dir='ltr'><strong><em>ού</em></strong></span> 
     </span>
     <span class='ocr_line' id='line_1_26' title="bbox 99 2652 1142 2751; baseline 0.008 -25"><span class='ocrx_word' id='word_1_223' title='bbox 99 2672 120 2726; x_wconf 75' lang='grc' dir='ltr'>Ε</span> <span class='ocrx_word' id='word_1_224' title='bbox 136 2657 202 2748; x_wconf 81' lang='grc' dir='ltr'><strong><em>γάρ</em></strong></span> <span class='ocrx_word' id='word_1_225' title='bbox 215 2653 258 2751; x_wconf 83' lang='grc' dir='ltr'><strong><em>άν</em></strong></span> <span class='ocrx_word' id='word_1_226' title='bbox 268 2657 401 2728; x_wconf 90' lang='grc' dir='ltr'><strong><em>τούτων</em></strong></span> <span class='ocrx_word' id='word_1_227' title='bbox 411 2659 458 2748; x_wconf 79' lang='grc' dir='ltr'><strong><em>μή</em></strong></span> <span class='ocrx_word' id='word_1_228' title='bbox 472 2687 522 2741; x_wconf 89' lang='grc' dir='ltr'><strong><em>τις</em></strong></span> <span class='ocrx_word' id='word_1_229' title='bbox 536 2660 577 2728; x_wconf 85' lang='grc' dir='ltr'><strong><em>τά</em></strong></span> <span class='ocrx_word' id='word_1_230' title='bbox 588 2663 726 2746; x_wconf 81' lang='grc' dir='ltr'><strong><em>τέτταρα</em></strong></span> <span class='ocrx_word' id='word_1_231' title='bbox 736 2659 823 2751; x_wconf 78' lang='grc' dir='ltr'><strong><em>λάβη</em></strong></span> <span class='ocrx_word' id='word_1_232' title='bbox 834 2657 927 2749; x_wconf 74' lang='grc' dir='ltr'><strong><em>ἁμῶς</em></strong></span> <span class='ocrx_word' id='word_1_233' title='bbox 936 2662 977 2745; x_wconf 81' lang='grc' dir='ltr'><strong><em>γέ</em></strong></span> <span class='ocrx_word' id='word_1_234' title='bbox 984 2680 1065 2741; x_wconf 63' lang='grc' dir='ltr'><strong><em>πῶς,</em></strong></span> <span class='ocrx_word' id='word_1_235' title='bbox 1079 2652 1142 2721; x_wconf 69' lang='grc' dir='ltr'><strong><em>θῦ-</em></strong></span> 
     </span>
     <span class='ocr_line' id='line_1_27' title="bbox 133 2749 1142 2847; baseline -0.007 -20"><span class='ocrx_word' id='word_1_236' title='bbox 133 2782 215 2828; x_wconf 86' lang='grc' dir='ltr'><strong><em>ποτε</em></strong></span> <span class='ocrx_word' id='word_1_237' title='bbox 225 2760 346 2840; x_wconf 87' lang='grc' dir='ltr'><strong><em>τελέως</em></strong></span> <span class='ocrx_word' id='word_1_238' title='bbox 357 2759 540 2847; x_wconf 77' lang='grc' dir='ltr'><strong><em>ἐπιστήμης</em></strong></span> <span class='ocrx_word' id='word_1_239' title='bbox 550 2762 613 2825; x_wconf 85' lang='grc' dir='ltr'><strong><em>τού</em></strong></span> <span class='ocrx_word' id='word_1_240' title='bbox 625 2759 780 2844; x_wconf 62' lang='grc' dir='ltr'><strong><em>πέμπτου,</em></strong></span> <span class='ocrx_word' id='word_1_241' title='bbox 787 2763 925 2846; x_wconf 89' lang='grc' dir='ltr'><strong><em>μέτοχος</em></strong></span> <span class='ocrx_word' id='word_1_242' title='bbox 936 2759 1038 2820; x_wconf 75' lang='grc' dir='ltr'><strong><em>ἔσται.</em></strong></span> <span class='ocrx_word' id='word_1_243' title='bbox 1057 2749 1142 2837; x_wconf 82' lang='grc' dir='ltr'><strong><em>πρὸς</em></strong></span> 
     </span>
     <span class='ocr_line' id='line_1_28' title="bbox 132 2848 1142 2947; baseline -0.01 -20"><span class='ocrx_word' id='word_1_244' title='bbox 132 2857 198 2946; x_wconf 81' lang='grc' dir='ltr'><strong><em>γάρ</em></strong></span> <span class='ocrx_word' id='word_1_245' title='bbox 210 2858 344 2939; x_wconf 90' lang='grc' dir='ltr'><strong><em>τούτοις</em></strong></span> <span class='ocrx_word' id='word_1_246' title='bbox 355 2865 461 2927; x_wconf 80' lang='grc' dir='ltr'><strong><em>ταῦτα</em></strong></span> <span class='ocrx_word' id='word_1_247' title='bbox 472 2854 535 2943; x_wconf 89' lang='grc' dir='ltr'><strong><em>ούχ</em></strong></span> <span class='ocrx_word' id='word_1_248' title='bbox 551 2848 652 2945; x_wconf 81' lang='grc' dir='ltr'><strong><em>ἦττον</em></strong></span> <span class='ocrx_word' id='word_1_249' title='bbox 669 2860 829 2947; x_wconf 78' lang='grc' dir='ltr'><strong><em>ἐπιχειρεῖ</em></strong></span> <span class='ocrx_word' id='word_1_250' title='bbox 844 2855 881 2924; x_wconf 83' lang='grc' dir='ltr'><strong><em>τό</em></strong></span> <span class='ocrx_word' id='word_1_251' title='bbox 901 2850 1001 2921; x_wconf 79' lang='grc' dir='ltr'><strong><em>ποῖόν</em></strong></span> <span class='ocrx_word' id='word_1_252' title='bbox 1016 2875 1048 2919; x_wconf 92' lang='grc' dir='ltr'><strong><em>τι</em></strong></span> <span class='ocrx_word' id='word_1_253' title='bbox 1065 2853 1142 2940; x_wconf 82' lang='grc' dir='ltr'><strong><em>περὶ</em></strong></span> 
     </span>
     <span class='ocr_line' id='line_1_29' title="bbox 133 2946 1142 3043; baseline -0.011 -16"><span class='ocrx_word' id='word_1_254' title='bbox 133 2957 276 3027; x_wconf 79' lang='grc' dir='ltr'><strong><em>ἕκαστον</em></strong></span> <span class='ocrx_word' id='word_1_255' title='bbox 283 2960 412 3042; x_wconf 78' lang='grc' dir='ltr'><strong><em>δηλοῦν</em></strong></span> <span class='ocrx_word' id='word_1_256' title='bbox 423 2952 445 3043; x_wconf 76' lang='grc' dir='ltr'><strong><em>ἢ</em></strong></span> <span class='ocrx_word' id='word_1_257' title='bbox 456 2955 494 3025; x_wconf 84' lang='grc' dir='ltr'><strong><em>τὸ</em></strong></span> <span class='ocrx_word' id='word_1_258' title='bbox 507 2952 549 3023; x_wconf 83' lang='grc' dir='ltr'><strong><em>ὂν</em></strong></span> <span class='ocrx_word' id='word_1_259' title='bbox 561 2956 703 3024; x_wconf 78' lang='grc' dir='ltr'><strong><em>ἑκάστου</em></strong></span> <span class='ocrx_word' id='word_1_260' title='bbox 714 2953 819 3024; x_wconf 77' lang='grc' dir='ltr'><strong><em>διὰτὸ</em></strong></span> <span class='ocrx_word' id='word_1_261' title='bbox 832 2958 902 3021; x_wconf 71' lang='grc' dir='ltr'><strong><em>τοῖν</em></strong></span> <span class='ocrx_word' id='word_1_262' title='bbox 913 2950 1025 3037; x_wconf 91' lang='grc' dir='ltr'><strong><em>λόγων</em></strong></span> <span class='ocrx_word' id='word_1_263' title='bbox 1036 2946 1142 3018; x_wconf 80' lang='grc' dir='ltr'><strong><em>ἀσθε-</em></strong></span> 
     </span>
     <span class='ocr_line' id='line_1_30' title="bbox 64 3043 1140 3145; baseline -0.008 -21"><span class='ocrx_word' id='word_1_264' title='bbox 64 3067 117 3124; x_wconf 74' lang='grc'><strong><em>343</em></strong></span> <span class='ocrx_word' id='word_1_265' title='bbox 136 3056 208 3134; x_wconf 85' lang='grc' dir='ltr'><strong><em>νές·</em></strong></span> <span class='ocrx_word' id='word_1_266' title='bbox 232 3044 281 3121; x_wconf 75' lang='grc' dir='ltr'><strong><em>ὦν</em></strong></span> <span class='ocrx_word' id='word_1_267' title='bbox 296 3054 395 3121; x_wconf 76' lang='grc' dir='ltr'><strong><em>ἕνεκα</em></strong></span> <span class='ocrx_word' id='word_1_268' title='bbox 406 3060 494 3145; x_wconf 76' lang='grc' dir='ltr'><strong><em>νούν</em></strong></span> <span class='ocrx_word' id='word_1_269' title='bbox 506 3059 592 3141; x_wconf 79' lang='grc' dir='ltr'><strong><em>ἔχων</em></strong></span> <span class='ocrx_word' id='word_1_270' title='bbox 604 3053 717 3134; x_wconf 77' lang='grc' dir='ltr'><strong><em>οὐδεὶς</em></strong></span> <span class='ocrx_word' id='word_1_271' title='bbox 732 3050 890 3138; x_wconf 82' lang='grc' dir='ltr'><strong><em>τολμήσει</em></strong></span> <span class='ocrx_word' id='word_1_272' title='bbox 905 3050 985 3119; x_wconf 69' lang='grc' dir='ltr'><strong><em>ποτε</em></strong></span> <span class='ocrx_word' id='word_1_273' title='bbox 1000 3054 1047 3128; x_wconf 81' lang='grc' dir='ltr'><strong><em>εἰς</em></strong></span> <span class='ocrx_word' id='word_1_274' title='bbox 1058 3043 1140 3115; x_wconf 84' lang='grc' dir='ltr'><strong><em>αύτό</em></strong></span> 
     </span>
     <span class='ocr_line' id='line_1_31' title="bbox 135 3145 1143 3239; baseline -0.005 -20"><span class='ocrx_word' id='word_1_275' title='bbox 135 3152 268 3219; x_wconf 79' lang='grc' dir='ltr'><strong><em>τιθέναι</em></strong></span> <span class='ocrx_word' id='word_1_276' title='bbox 280 3148 320 3217; x_wconf 81' lang='grc' dir='ltr'><strong><em>τά</em></strong></span> <span class='ocrx_word' id='word_1_277' title='bbox 330 3154 517 3239; x_wconf 87' lang='grc' dir='ltr'><strong><em>νενοημένα</em></strong></span> <span class='ocrx_word' id='word_1_278' title='bbox 531 3149 594 3222; x_wconf 83' lang='grc' dir='ltr'><strong><em>ὑπ’</em></strong></span> <span class='ocrx_word' id='word_1_279' title='bbox 608 3149 726 3239; x_wconf 85' lang='grc' dir='ltr'><strong><em>αύτοῦ,</em></strong></span> <span class='ocrx_word' id='word_1_280' title='bbox 740 3151 796 3219; x_wconf 80' lang='grc' dir='ltr'><strong><em>καὶ</em></strong></span> <span class='ocrx_word' id='word_1_281' title='bbox 810 3155 915 3218; x_wconf 78' lang='grc' dir='ltr'><strong><em>ταῦτα</em></strong></span> <span class='ocrx_word' id='word_1_282' title='bbox 928 3154 975 3230; x_wconf 77' lang='grc' dir='ltr'><strong><em>εἰς</em></strong></span> <span class='ocrx_word' id='word_1_283' title='bbox 986 3145 1143 3234; x_wconf 83' lang='grc' dir='ltr'><strong><em>άμετακί-</em></strong></span> 
     </span>
     <span class='ocr_line' id='line_1_32' title="bbox 134 3245 1143 3340; baseline -0.006 -22"><span class='ocrx_word' id='word_1_284' title='bbox 134 3274 249 3337; x_wconf 90' lang='grc' dir='ltr'><strong><em>νητον,</em></strong></span> <span class='ocrx_word' id='word_1_285' title='bbox 260 3245 281 3317; x_wconf 79' lang='grc' dir='ltr'><strong><em>ό</em></strong></span> <span class='ocrx_word' id='word_1_286' title='bbox 293 3247 335 3338; x_wconf 79' lang='grc' dir='ltr'><strong><em>δὴ</em></strong></span> <span class='ocrx_word' id='word_1_287' title='bbox 347 3251 466 3338; x_wconf 85' lang='grc' dir='ltr'><strong><em>πάσχει</em></strong></span> <span class='ocrx_word' id='word_1_288' title='bbox 475 3251 516 3321; x_wconf 79' lang='grc' dir='ltr'><strong><em>τά</em></strong></span> <span class='ocrx_word' id='word_1_289' title='bbox 527 3253 742 3340; x_wconf 87' lang='grc' dir='ltr'><strong><em>γεγραμμένα</em></strong></span> <span class='ocrx_word' id='word_1_290' title='bbox 758 3250 886 3339; x_wconf 88' lang='grc' dir='ltr'><strong><em>τύποις,</em></strong></span> <span class='ocrx_word' id='word_1_291' title='bbox 903 3256 1006 3320; x_wconf 83' lang='grc' dir='ltr'><strong><em>τούτο</em></strong></span> <span class='ocrx_word' id='word_1_292' title='bbox 1023 3248 1060 3316; x_wconf 76' lang='grc' dir='ltr'><strong><em>δέ</em></strong></span> <span class='ocrx_word' id='word_1_293' title='bbox 1078 3245 1143 3313; x_wconf 91' lang='grc' dir='ltr'><strong><em>πά-</em></strong></span> 
     </span>
     <span class='ocr_line' id='line_1_33' title="bbox 134 3340 1143 3441; baseline -0.01 -22"><span class='ocrx_word' id='word_1_294' title='bbox 134 3340 243 3419; x_wconf 86' lang='grc' dir='ltr'><strong><em>λιναύ</em></strong></span> <span class='ocrx_word' id='word_1_295' title='bbox 253 3345 292 3419; x_wconf 83' lang='grc' dir='ltr'><strong><em>τό</em></strong></span> <span class='ocrx_word' id='word_1_296' title='bbox 304 3355 371 3418; x_wconf 80' lang='grc' dir='ltr'><strong><em>νῦν</em></strong></span> <span class='ocrx_word' id='word_1_297' title='bbox 382 3349 567 3438; x_wconf 88' lang='grc' dir='ltr'><strong><em>λεγόμενον</em></strong></span> <span class='ocrx_word' id='word_1_298' title='bbox 577 3355 633 3441; x_wconf 73' lang='grc' dir='ltr'><strong><em>δεῖ</em></strong></span> <span class='ocrx_word' id='word_1_299' title='bbox 639 3360 771 3438; x_wconf 79' lang='grc' dir='ltr'><strong><em>μαθεῖν.</em></strong></span> <span class='ocrx_word' id='word_1_300' title='bbox 791 3350 915 3430; x_wconf 90' lang='grc' dir='ltr'><strong><em>κύκλος</em></strong></span> <span class='ocrx_word' id='word_1_301' title='bbox 926 3349 1065 3425; x_wconf 76' lang='grc' dir='ltr'><strong><em>ἕκαστος</em></strong></span> <span class='ocrx_word' id='word_1_302' title='bbox 1076 3347 1143 3410; x_wconf 79' lang='grc' dir='ltr'><strong><em>των</em></strong></span> 
     </span>
    </p>
   </div>
   <div class='ocr_carea' id='block_1_4' title="bbox 0 0 1217 3764">
    <p class='ocr_par' dir='ltr' id='par_1_7' title="bbox 0 0 1217 3764">
     <span class='ocr_line' id='line_1_34' title="bbox 0 0 1217 3764; baseline 0 0"><span class='ocrx_word' id='word_1_303' title='bbox 0 0 1217 3764; x_wconf 95' lang='lat' dir='ltr'><strong><em> </em></strong></span> 
     </span>
    </p>
   </div>
  </div>
 </body>
</html>
