2408 3764
68 166 136 205 xvrrr
484 151 718 203 PRAEFATIO.

65 304 126 339 vero
144 304 197 341 non
211 288 294 340 solum
307 290 456 348 articulum,
478 304 527 351 quo
547 304 623 354 aegre
640 305 770 350 caremus,
791 298 849 341 ante
864 282 1045 354 θεωρητικὸν
1060 293 1134 344 omit-

64 365 139 423 tunt,
156 359 202 410 sed
219 358 297 409 etiam
311 348 359 407 lat
377 349 408 407 τὰ
425 371 471 423 pro
489 345 537 405 ἐπὶ
553 356 595 425 τῷ
608 348 789 423 ὁμοιωθῆναι
806 368 831 409 et
847 347 906 408 οἶνιδ
926 358 1068 423 σοφιστῶν
1107 379 1135 412 ro

65 415 125 477 διεδ
145 423 202 476 των
228 422 371 491 σοφιστῶν
394 425 527 487 exhibent,
550 434 678 491 postremo
703 422 752 478 acl
775 417 983 491 ἀνατρεπτικοῦ
1000 436 1059 495 post
1074 377 1135 479 (δτι-

66 492 212 547 octaviani
236 503 260 546 et
280 484 380 551 αύτοῖς
395 501 454 559 post
471 481 549 551 ὅπως
566 496 693 555 inserunt,
717 498 809 561 quibus
828 498 945 547 omuibus
961 499 1135 563 obtemperan-

67 566 200 617 danesse
216 566 313 615 censui.
349 563 528 613 Additamento
545 561 714 615 Schneiderue
733 572 757 615 et
775 567 831 631 ipse
848 567 965 631 accepite
980 563 1022 635 τῷ
1037 575 1061 617 et
1075 557 1133 618 ύνιό

66 636 95 685 in
109 636 134 685 Α
147 649 252 698 quoque
267 632 395 683 invenisse
409 631 527 694 videtur,
544 633 612 682 unde
625 629 682 682 τῶν
697 641 793 684 tantum
809 636 899 684 abesse
909 637 1053 695 annotavit;
1071 636 1136 687 mihi

66 710 153 753 tamen
163 703 206 753 hic
218 703 289 752 locus
299 716 331 751 ex
345 715 433 749 eorum
446 716 551 751 numero
563 715 620 752 esse
635 703 708 753 visus
720 711 766 763 est,
782 705 874 765 quibus
884 694 942 754 cino*
952 718 999 769 pro
1009 695 1069 755 ύνιδ
1080 707 1135 755 sine

66 771 236 823 haesitatione
255 769 395 828 concodas;
413 769 446 820 cf.
464 768 535 819 Klotz
554 771 580 820 in
597 770 628 821 N.
643 770 751 823 Jahrbb.
765 772 842 831 1841,
863 770 891 825 T.
904 770 1022 827 XXXIII.
1033 788 1060 838 p.
1072 772 1132 825 268.

135 840 237 889 Alcinoi
258 829 460 888 διδασκαλικὸν
481 834 538 888 τοῖν
562 831 716 899 Πλάτωνος
739 831 889 905 δογμάτων
911 843 1031 907 princeps
1055 842 1136 892 edidit

65 907 183 959 Andreas
197 902 325 957 Asulanm
344 909 466 958 Venetiae
484 908 511 956 in
523 907 628 957 aedibus
642 908 703 958 Aldi
724 909 808 969 1521,
829 908 902 973 cujus
918 908 1040 960 lectiones
1060 925 1076 958 a
1093 912 1135 960 Fi-

66 976 155 1041 schero
175 983 289 1027 enotatas
303 975 421 1042 vulgatas
435 975 506 1025 haud
523 991 580 1026 raro
595 975 671 1042 longe
688 984 817 1043 superant.
842 978 954 1045 Vulgata
967 979 1137 1044 praecipuum

66 1053 195 1095 auctorem
214 1044 290 1094 habet
306 1046 438 1095 Danielem
453 1044 596 1103 nausiam,
613 1044 658 1107 qui
665 1046 776 1097 Maximo
787 1047 863 1112 Tyrio
881 1048 978 1098 iteratis
991 1048 1075 1112 ipsius
1091 1063 1136 1096 cu·

65 1115 102 1165 ris
120 1114 204 1182 Lugd.
223 1113 252 1165 B.
270 1114 338 1165 1607
354 1123 379 1164 et
392 1112 462 1165 1614
479 1115 603 1163 recensito
625 1113 760 1164 Alcinoum
776 1115 848 1165 nulla
864 1116 914 1166 alia
932 1116 963 1167 de
980 1120 1059 1166 causa
1075 1117 1136 1165 sub-

64 1184 142 1250 jecit,
156 1199 232 1247 quam
244 1183 306 1246 quia
322 1183 390 1233 huuc
404 1181 442 1232 illi
454 1183 480 1231 in
499 1183 589 1233 eodem
607 1183 694 1233 codice
712 1183 782 1233 velut
798 1173 950 1248 ἔφολκίδα,
966 1185 1056 1244 nteit,
1075 1187 1137 1235 navi

65 1255 161 1320 majori
178 1253 326 1317 adjunctum
341 1253 494 1312 invenisset;
513 1252 580 1301 uude
599 1253 672 1320 quod·
685 1267 714 1302 se
728 1266 793 1315 quae
810 1266 873 1301 vera
886 1254 1048 1314 viderentur,
1066 1270 1136 1304 rece·

67 1325 155 1388 pisse,
174 1336 239 1384 quae
254 1320 335 1381 falsa,
348 1321 479 1371 induxisse
492 1320 585 1386 jactat,
600 1320 669 1371 haud
687 1320 740 1370 scio
759 1335 792 1370 en
805 1319 885 1369 multo
901 1321 1005 1386 saepius
1016 1320 1084 1372 falsa
1097 1323 1136 1375 in·

67 1391 170 1455 tulisse,
188 1405 250 1441 vera
264 1390 408 1457 neglexisse
424 1389 609 1441 existimandus
624 1390 666 1438 sit.
693 1387 808 1439 Genuina
822 1396 889 1437 certa
905 1390 1037 1453 scriptoris
1047 1392 1132 1452 verba,

67 1459 154 1524 qualia
170 1460 232 1509 boni
249 1460 350 1510 codices
373 1459 500 1525 produnt,
525 1459 657 1508 Heinsium
680 1472 732 1507 non
757 1457 903 1507 exhibuisse
924 1457 965 1506 vel
989 1457 1053 1509 levis
1070 1459 1132 1508 haec

67 1542 160 1594 opera,
178 1543 255 1593 quam
270 1527 332 1579 mihi
345 1529 372 1578 in
386 1528 453 1578 hunc
463 1527 576 1579 libellum
587 1526 733 1592 impendere
748 1526 868 1590 contigit,
887 1525 1002 1588 quemvis
1017 1527 1131 1586 docebit3

68 1598 109 1647 oui
127 1597 175 1647 etsi
199 1597 307 1647 duorum
321 1604 418 1649 tantum
436 1598 559 1648 librorum
576 1596 758 1647 Parisiensium
776 1594 935 1645 collationem
952 1594 1071 1646 adhibere
1085 1609 1135 1660 po·-

67 1667 120 1728 tui,
135 1665 163 1715 hi
180 1667 229 1731 ipsi
243 1674 330 1717 tamen
341 1674 379 1717 tot
395 1666 457 1717 locis
475 1672 519 1717 aut
535 1673 646 1716 veterem
658 1662 778 1713 Aldinam
789 1671 899 1724 tuentur,
916 1672 960 1715 aut
975 1664 1130 1729 insperatam

66 1749 191 1785 novarum
208 1735 343 1787 lectionum
358 1737 539 1803 praestantiam
555 1735 686 1799 aperiunt,
705 1739 734 1781 ut
751 1733 794 1794 qui
810 1733 882 1782 initio
896 1731 1061 1784 Heinsianatn
1076 1741 1132 1782 tau·

66 1811 122 1853 tum
138 1804 274 1854 editionem
294 1819 477 1871 recognoscere
498 1803 678 1859 instituissem,
701 1801 756 1865 jam
774 1816 841 1851 nunc
862 1816 966 1866 prorsus
984 1817 1077 1852 novam
1094 1817 1133 1851 re·

68 1872 212 1927 sensionem
221 1889 253 1924 ex
263 1873 316 1924 illis
326 1889 367 1923 me
376 1872 490 1923 effecisse
505 1870 637 1922 affirmem.
656 1870 735 1933 Atqui
744 1868 914 1932 alterhorum,
926 1871 957 1923 N.
970 1870 1036 1923 1962
1046 1872 1132 1937 signe-
1140 1918 1154 1935 „

67 1950 118 2002 tus,
131 1955 181 2003 quo
196 1942 349 1993 conferendo
361 1943 416 2005 jam
432 1941 506 1990 tertio
519 1955 560 1989 me
572 1938 657 1989 Caroli
671 1938 774 1989 Mulieri
786 1940 891 1990 comitas
906 1941 1032 2001 devinxit,
1047 1941 1132 2005 ipsum

67 2009 202 2059 Alcinoum
212 2026 269 2060 eum
276 2010 387 2061 Maximo
396 2009 470 2074 Tyrio
483 2010 627 2073 conjungit3
644 2023 720 2070 quem
733 2022 801 2065 saec.
815 2008 852 2058 XI
866 2010 988 2075 scriptum
1001 2024 1080 2072 quum
1090 2023 1133 2059 ve·

67 2079 168 2129 tustatis
185 2078 427 2129 commendationem
445 2078 587 2127 sinceritate
607 2091 715 2140 aequare
737 2078 990 2142 animadvertissem,
1009 2079 1056 2127 toti
1073 2077 1134 2127 huic

66 2148 208 2199 recensioni
216 2161 263 2210 pro
272 2146 436 2197 fundamento
445 2146 570 2211 subjicere
580 2161 630 2196 non
641 2146 768 2206 dubitavi;
784 2161 832 2197 nec
847 2148 957 2198 deterior
974 2146 1078 2197 alterius
1094 2147 1132 2193 in-

69 2215 203 2280 delesset,
221 2230 288 2267 saec.
304 2214 364 2265 Xlll
378 2215 467 2279 scripti
484 2224 508 2265 et
518 2214 549 2269 N.
562 2213 629 2267 1309
644 2216 746 2280 signati,
764 2217 837 2280 cujus
856 2217 966 2267 varietas
983 2214 1132 2273 aberudito

69 2284 166 2335 Graeco
181 2285 209 2332 in
224 2300 309 2334 meum
323 2299 400 2335 usum
413 2283 507 2335 collata
516 2285 696 2348 etsimajorem
710 2285 807 2334 librarii
819 2284 950 2335 licentiam
964 2283 1132 2351 praesefert,

68 2355 96 2402 in
114 2354 272 2420 gravissimis
290 2361 375 2403 tamen
397 2353 474 2403 rebus
491 2353 562 2403 haud
585 2353 755 2418 spernendum
773 2354 918 2405 subsidium
934 2354 1047 2421 praebet.
1082 2351 1133 2401 Ho-

67 2438 125 2472 rum
143 2423 222 2487 igitur
240 2422 332 2486 prioris
351 2423 488 2481 lectiones,
512 2437 575 2491 quas
592 2423 694 2485 quidem
712 2420 857 2473 Heinsianis
873 2424 1008 2484 substitui,
1026 2427 1086 2471 nota
1103 2419 1132 2482 P,

68 2491 217 2556 posterioris
235 2491 256 2550 Q
273 2490 408 2556 insigniam
432 2489 535 2541 Aldiuis
558 2491 596 2556 Α,-
620 2490 764 2541 Heinsiauis
784 2499 872 2558 utpote
891 2492 1000 2559 vulgatis
1015 2491 1040 2541 V
1058 2490 1135 2540 ascri-

69 2560 126 2626 psi;
143 2558 213 2609 ineas
232 2560 342 2623 denique
358 2560 517 2623 conjecturas
535 2560 611 2610 solita
626 2560 700 2610 litera
717 2560 740 2609 H
756 2562 858 2619 notavi;
878 2562 970 2624 quibus
988 2560 1069 2624 copiis
1086 2559 1135 2607 etsi

68 2643 121 2679 non
139 2627 227 2679 dubito
246 2630 307 2691 quin
323 2635 348 2677 et
363 2627 598 2679 vindobonensium
617 2636 641 2697 et
659 2628 804 2679 Italicorum
823 2630 944 2679 librorum
962 2629 1063 2679 collatio
1080 2642 1135 2675 ma·

68 2712 133 2764 guas
150 2699 306 2749 accessiones
316 2696 405 2746 afferre
420 2699 516 2763 possit,
530 2698 596 2747 hanc
612 2705 697 2747 tamen
718 2712 830 2764 operam,
849 2714 925 2762 quam
944 2712 995 2746 non
1009 2694 1135 2746 habebam

69 2767 111 2816 cui
126 2782 234 2833 peregre
250 2767 425 2831 injungerem,
440 2767 531 2833 majori
549 2767 624 2817 alicui
640 2767 745 2818 editioni
760 2783 904 2829 reservare,
920 2774 998 2830 quam
1007 2766 1048 2824 id,
1066 2764 1135 2828 quod
1174 2814 1178 2821 ,

68 2836 122 2898 jam
141 2849 208 2885 nunc
220 2843 350 2900 praestaro
368 2849 480 2898 possem,
497 2837 592 2886 diutius
610 2851 724 2901 premere
735 2838 823 2891 malui.
851 2836 889 2886 De
905 2834 978 2885 titulo
991 2843 1089 2884 tantum
1103 2834 1135 2882 li-

68 2904 125 2968 bri,
156 2905 199 2966 qui
226 2903 302 2968 vulgo
327 2911 380 2953 erat
400 2893 541 2955 Ἀλκινόου
565 2897 726 2986 φιλοσόφον
750 2897 887 2970 εἰσαγωγὴ
907 2899 966 2954 τοῖν
987 2893 1135 2967 δογμάτων

70 2960 223 3028 Πλάτωνος
239 2973 280 3022 vel
296 2965 337 3029 εἰς
352 2963 388 3021 τὰ
405 2970 458 3022 τού
471 2966 624 3032 Πλάτωνος
638 2970 765 3037 δογματα
782 2966 936 3039 εἰσαγωγή,
956 2972 1135 3024 Vindobonen-

71 3042 107 3090 sis
125 3039 257 3105 (Lambec.
279 3041 308 3090 Τ.
331 3041 388 3092 Vll.
409 3058 435 3108 p.
461 3042 507 3107 17)
534 3051 558 3094 et
583 3043 745 3093 Laurentiani
769 3040 886 3105 (Bandin.
909 3046 938 3093 T.
957 3044 999 3094 ΠΙ.
1021 3056 1048 3106 p.
1069 3036 1135 3103 259)

70 3109 242 3161 auctoritatem
263 3126 321 3160 cum
340 3111 454 3163 Parisino
475 3113 558 3178 priore
583 3112 737 3176 conjungere
757 3109 862 3168 licebat;
887 3119 985 3172 cetera,
1006 3124 1071 3173 qaae
1086 3107 1137 3157 hoc

72 3186 116 3229 aut
134 3177 189 3228 eolo
208 3185 251 3228 aut
268 3180 406 3245 praecipuo
425 3182 490 3231 duce
508 3180 652 3233 emendavi,
667 3178 731 3228 haec
746 3177 800 3228 lere
813 3179 920 3231 habeto:

139 3246 167 3300 G.
186 3247 207 3296 Ι.
233 3246 250 3302 l.
274 3248 290 3299 6
315 3238 514 3315 ὠνομασμένος
536 3239 594 3297 ἀπὸ
615 3243 667 3310 τῆς
688 3245 860 3312 φιλοσοφίας
878 3249 934 3315 PQ,
956 3238 1014 3296 ἆπδ
1031 3237 1136 3308 ταύτης

71 3305 269 3397 ύνομασμὲνος
296 3318 351 3368 AV.
387 3314 422 3354 -'
458 3317 485 3369 C.
511 3318 542 3366 ll.
587 3317 605 3369 l.
630 3315 663 3365 18
690 3311 738 3382 ἴδγ
770 3315 862 3372 κακῶς
892 3307 1074 3379 διοικούμενα
1104 3314 1136 3376 H,

64 3378 136 3449 ιΙδμ
161 3383 256 3442 κακῶς
279 3382 444 3449 διακείμενα
466 3388 504 3456 Α,
531 3380 596 3452 εἰδῇ
622 3381 714 3442 κακῶς
742 3378 927 3448 διοικούμενα
948 3384 1005 3445 PV,
1041 3379 1135 3455 κακῶς
