2408 3764
406 185 675 245 ΕΠΙΣΤΟΛΗ
692 179 723 246 ε’.
1029 186 1071 253 15

67 342 319 429 παρασκευάζου
333 342 393 409 τόν
407 367 441 410 τε
458 346 660 424 Λυκοῦργον
676 346 805 412 ἐκεῖνον
826 341 964 460 ἀρχαῖον
985 345 1067 413 ἀπο-

67 446 183 522 δείξων
199 437 304 508 καί
271 467 330 509 τον
349 445 477 524 Κύρου,
498 439 552 504 καί
575 446 607 502 εί
625 463 672 515 τις
691 438 789 520 ἀλλος
806 442 939 511 πώποτε
957 448 1070 534 ἔδοξεν

66 539 177 629 ἤθει
155 540 210 606 καί
220 541 367 625 πολιτεία
379 540 569 617 διενεγκεῖν
582 531 690 609 ἀλλοις
701 561 734 601 τε
751 540 807 606 καί
825 541 936 628 ἐπειδὴ
953 544 1070 609 πολλοί

68 641 120 704 καί
127 633 278 721 σχεδον
256 659 398 717 απαντες
405 638 438 700 οί
446 636 524 716 τῇδε
536 629 733 713 λέγουσιν,’
710 657 753 710 ως
764 639 867 749 πρλλή
878 642 967 707 ἐστιν
977 642 1104 718 ἐλπίςΕ

67 732 300 819 ἀναιρεθέντος
317 734 503 799 Διονυσίου
521 729 801 810 διαφθαρῆναι
766 756 804 794 τα
822 737 995 822 πράγματα
1013 736 1066 805 διὰ

67 829 127 916 τὴν
140 829 204 917 σήν
215 856 256 897 τε
261 831 317 896 καί
326 824 544 908 Ἡρακλείδου
558 823 612 888 καί
631 821 797 890 Θεοδότου
811 830 865 895 καί
878 841 945 898 τῶν
956 833 1068 902 ἄλλων

66 937 244 1013 γνωρίμων
256 926 455 1008 φιλοτιμίαν.
475 916 612 1005 μάλιστα
622 921 685 1005 μὲν
696 911 760 986 ούν
769 925 880 1006 μηδείς
896 936 944 1012 είη
956 940 1067 998 τοιοῦ-

67 1049 137 1102 τος·
160 1019 268 1089 ἐόνθ’
288 1017 354 1103 ἀρα
369 1018 424 1084 καί
441 1023 594 1102 γίγνηταί
611 1041 668 1101 τις,
687 1014 731 1084 σύ
751 1025 876 1102 φαίνου
895 1024 1066 1111 ἰατρεύων,

67 1125 123 1187 καί
134 1141 220 1202 προς
231 1139 268 1180 το
258 1110 449 1198 βέλτιστον
461 1110 619 1180 mom
596 1134 654 1178 αν·
675 1139 779 1181 ταυτα
791 1115 827 1183 δὲ
844 1124 924 1195 ἴσως
934 1119 1065 1211 γελοῖον
1083 1133 1133 1187 321

68 1237 122 1281 σοι
145 1217 294 1296 φαίνεται
314 1208 452 1278 εἶναι
418 1235 454 1278 το
475 1209 532 1295 ἐμὲ
557 1215 675 1297 λέγειν,
701 1211 785 1280 διότι
807 1216 863 1281 καί
884 1211 986 1293 αύτός
1007 1212 1069 1282 ούκ

71 1310 215 1396 ἀγνοεῖς·
234 1307 297 1394 ἐγώ
310 1306 346 1375 δὲ
356 1310 437 1376 καί’
420 1335 459 1376 εν
469 1323 536 1387 τοῖς
546 1305 727 1393 θεάτροις’
712 1317 781 1429 οροὶ
792 1308 871 1391 τούς
883 1309 1068 1399 ἀγωνιστὰς

70 1406 134 1476 ὑπό
151 1415 217 1474 τοῖν
230 1411 358 1474 παίδων
374 1409 674 1494 παροξυνομένους,
696 1407 773 1494 μήτι
789 1409 871 1495 δὴ
852 1410 920 1478 υπό
943 1438 981 1498 γε
998 1420 1067 1480 τοῖν

66 1513 183 1591 φίλων,
195 1503 254 1582 οὕς
270 1502 314 1572 ἀν
328 1530 376 1583 τις
388 1514 494 1593 οίηται
505 1502 586 1592 μετά
600 1509 747 1591 σπουδῆς
760 1503 832 1574 κατ’
851 1505 987 1578 εύνοιαν
1001 1534 1066 1578 πα-

65 1600 314 1689 ρακελεύεσθαι.
333 1609 399 1672 νύν
415 1593 478 1669 ούν
494 1602 592 1671 αύτοί
601 1627 636 1669 τε
651 1600 852 1688 ἀγωνίζεσθε
869 1609 925 1675 καί
939 1606 1020 1693 ἡμῖν
1037 1618 1071 1676 εί

64 1730 124 1771 του
136 1708 187 1771 δεῖ
194 1706 408 1771 ἐπιστέλλετε·
425 1701 464 1768 τά
483 1698 517 1768 δ’
533 1701 657 1768 ἐνθάδε
675 1708 908 1789 παραπλησίως
924 1708 988 1790 ἔχει
1004 1730 1064 1772 κα·
1132 1768 1136 1777 ,

64 1802 175 1884 θάπερ
191 1803 246 1868 καί
259 1796 356 1885 ὑμῶν
368 1798 554 1882 παρόντων.
577 1801 775 1868 ἐπιστέλλετε
795 1800 831 1869 δί
848 1803 902 1869 καί
922 1798 942 1870 ὅ
958 1829 990 1868 τι
1005 1806 1064 1871 πέ-

64 1923 205 1986 πρακται
221 1894 303 1984 ύμῖν
318 1892 341 1983 ἦ
356 1897 555 1981 πράττοντες
575 1895 760 1983 τυγχάνετε,
779 1894 823 1976 ἀς
839 1895 931 1986 ἡμεῖς
956 1897 1062 1968 πολλὰ
1081 1915 1100 1961 Β

65 1995 244 2075 ἀκούοντες
254 1995 355 2064 οὐδὲν
365 2005 475 2081 ῖσμεν·
488 1998 542 2063 καί
554 2001 619 2062 νύν
629 1998 797 2065 ἐπιστολαί
807 1998 895 2085 παρὰ
907 1998 968 2085 μίν
979 2008 1064 2068 Θεο-

65 2094 165 2165 δότου
176 2097 230 2163 καί
237 2090 452 2179 Ἡρακλείδου
462 2092 602 2180 ἥκουσιν
613 2100 658 2173 εἰς
667 2099 899 2182 Λακεδαίμονα
909 2101 964 2166 καί
974 2109 1063 2182 Αῖγι·

66 2221 141 2279 ναν,
161 2189 254 2278 ἡμεῖς
276 2194 322 2278 δέ,
343 2192 497 2275 καθάπερ
517 2200 652 2279 εἴρηται,
670 2191 776 2260 πολλὰ
793 2189 974 2273 ἀκούοντες
990 2198 1065 2278 περί

63 2299 130 2360 τῶν
141 2295 219 2377 τῇδε
231 2287 329 2357 οὐδὲν
341 2299 445 2376 ίσμεν.
458 2293 610 2375 ἐνθυμοῦ
620 2290 655 2359 δὲ
664 2290 720 2358 καί
731 2288 782 2357 ότι
795 2293 903 2375 δοκεῖς
913 2292 997 2359 τισίν
1008 2294 1064 2359 ἐν·

65 2391 240 2469 δεεστέρως
250 2393 310 2455 τοῦ
322 2387 547 2474 προσήκοντος
556 2385 797 2481 θεραπευτικός
813 2385 911 2455 εἶναι·
937 2386 980 2475 μὴ
1001 2382 1064 2456 ούν

64 2487 259 2554 λανθανέτω
273 2504 319 2568 σε,
334 2483 385 2552 ὅτι
403 2483 456 2551 διά
473 2492 534 2552 τού
550 2481 702 2566 ἀρέσκειν
719 2499 785 2564 τοῖς
801 2483 994 2573 ἀνθρώποις
1009 2490 1065 2554 καί

62 2578 267 2665 τδπράττειν
277 2578 401 2665 ἐστίν,ἡ
413 2581 439 2648 δ’
454 2579 616 2650 αύθάδεια
628 2585 744 2672 ἐρημίᾳ
751 2581 910 2662 ξύνοικος.
925 2580 1061 2668 εὐτύχει.
1082 2597 1101 2647 c

449 2776 680 2789 ——-.—..

517 2969 588 3035 Ἐ.

155 3087 158 3095 ‚
224 3117 227 3120 ’
255 3117 406 3185 Πλάτωυ
434 3113 608 3206 Περδίκκᾳ
634 3095 675 3182 εὖ
702 3101 871 3205 πράίτιιν.

147 3245 307 3353 Εὐφραίῳ
328 3263 388 3349 μὲν
411 3263 669 3351 συνεβούλευσα,
690 3262 843 3348 καθάπερ
863 3264 1061 3350 ἐπέστελλες,

58 3360 129 3434 ταῖν
151 3370 220 3431 σῶν
235 3362 494 3450 ἐπιμελούμενον
513 3367 586 3452 περί
604 3373 706 3434 ταῦτα
720 3369 913 3451 διατρίβειν·
937 3365 1065 3439 δίκαιος

969 3555 974 3564 ,
1088 3468 1125 3546 Δ

414 3585 433 3621 0

1160 3264 1174 3330 ί
