2408 3764
138 139 197 208 5ο·
345 131 348 137 ’
487 134 846 220 maroam:

139 300 183 372 ἀν
196 311 276 384 ίσως
285 305 341 372 καί
351 303 526 388 ξυμφέρον
542 307 692 386 γίγνοιτο
709 299 792 388 ύμῖν
808 308 890 371 πάσι
903 306 1007 390 μέσον
1021 320 1163 398 τεμεῖν,

140 416 209 484 τοῖς
220 428 256 471 τε
268 400 436 489 φεύγουσι
446 425 505 486 της
515 425 618 486 αρχχς
629 424 691 486 την
701 401 907 488 χαλεποτητα
918 399 1165 490 υμίνκαὶτοῑς

140 507 199 588 τῆς
212 501 316 589 ἀρχῆς
332 499 435 568 πάλιν
449 500 551 586 ἐρύσι
567 511 692 586 τυχεῖν,
708 491 758 566 οἶν
773 504 818 567 ολ
813 501 1000 624 πρβγονοι
1004 504 1093 593 τότε,
1107 506 1148 617 τό

140 601 308 686 μέγιστον,
333 594 504 665 ἔσωσαν’
486 594 551 665 απδ
571 596 757 718 βαρβάρων
778 597 869 687 τούς
871 597 1044 690 Ἕλληνας,
1061 590 1145 672 ὥστ’

40 770 42 774 ,
139 701 269 779 έξειναι
271 700 348 788 περὶ
362 704 528 778 πολιτείας
540 703 606 766 νύν
617 707 788 767 ποιεισθαι
798 697 938 786 λόγους
957 705 1098 789 ἔρρουσι
1108 706 1166 773 663

139 794 215 864 τότε
230 794 308 865 ούτε
319 792 474 883 λόγος”
430 822 498 864 ουτ.
497 792 798 881 ’emmam'
777 795 965 887 ανούδαμῇ
976 795 1147 887 οὐδαμοῖς.

139 902 206 963 νύν
223 888 288 966 σύν
303 894 456 982 τοίςμὲν.
475 896 653 980 ἐλευθερία
674 898 844 981 γιγνέσθω
865 894 948 981 μετά
971 904 1148 985 βασιλικῆς

98 1005 119 1054 Ε
138 992 250 1084 ἀρχῆς,
271 1010 340 1076 τοῖς
356 996 394 1064 66
409 991 493 1081 ἀρχὴ
512 988 1144 1084 ύπεύθυνοςβασιλική,δεσποζόντων

136 1094 252 1184 νόμων
262 1102 331 1164 τῶν
342 1119 378 1161 τε
391 1090 504 1160 ἀλλων
519 1097 665 1159 πολιτῶν
676 1094 732 1159 καὶ
750 1100 819 1162 τοῖν
836 1095 1002 1182 βασιλέοιν
1018 1092 1159 1182 αύτύν,

136 1192 229 1264 ἀντι
247 1195 446 1283 παράνομον
464 1191 671 1311 πρόποσιν·
694 1194 758 1260 έπί
765 1195 803 1260 δὲ
824 1193 968 1274 τούτοις.
974 1193 1158 1314 ξύμπασιν·

137 1291 248 1384 ἀδόλῳ
266 1291 384 1378 γνώμῃ
401 1292 471 1356 καί
475 1286 567 1375 ὑγιεί
586 1287 668 1375 μετὰ
689 1294 783 1358 θεῶν
801 1295 940 1379 βασιλέα
960 1291 1146 1381 στήσασθε,

135 1397 273 1478 πρῶτον
282 1385 392 1477 μὲν
357 1413 419 1456 τον
431 1386 513 1473 έμδν
523 1383 601 1454 υίόν
612 1390 792 1475 χαρίτυν”
772 1414 871 1459 ενεκα
887 1394 1018 1475 διττολν,
1036 1396 1096 1474 τῆς
1106 1415 1145 1461 ,τε

136 1486 216 1574 666'-
231 1491 314 1575 ε’μου
301 1488 382 1554 καί
398 1510 459 1553 του
446 1488 558 1573 έμού
574 1487 709 1574 πατρός.
731 1514 749 1554 ο
738 1485 886 1574 ’μὲν
847 1515 918 1610 ραρ
930 1484 995 1557 ἀπὸ
1010 1488 1142 1574 βαρβά

136 1614 207 1675 ρων
224 1583 462 1675 ἠλευθέρωσεν
479 1588 517 1652 έν
539 1591 596 1707 τῷ
602 1586 677 1654 τότε
694 1587 806 1707 χρόνρο
823 1587 885 1674 τὴν
902 1587 1014 1675 πόλιν,
1026 1583 1090 1672 ἐγώ
1103 1588 1141 1655 66

64 1697 118 1752 356
137 1683 203 1754 ἀπό
215 1684 395 1774 τυράννων
410 1688 476 1754 νύν
494 1675 596 1771 δίς,
567 1710 617 1752 ων
634 1681 732 1753 αὐτοὶ
748 1686 921 1776 μάρτυρες
930 1684 1025 1772 ὑμεῖς
1041 1684 1143 1771 γεγό-

134 1812 223 1855 νατε.
247 1786 409 1908 δεύτερον
420 1784 458 1853 δὲ
474 1783 517 1872 66
534 1796 689 1855 ποιεῖσθε
705 1789 844 1875 βασιλέα
861 1783 921 1854 τόν
931 1811 988 1878 τρι
963 1783 1055 1872 μὲν
1073 1787 1156 1877 ἐμῷΙ

134 1889 235 1974 πατρὶ
256 1883 382 1954 ταύτόν
403 1883 652 1971 κεκτημένον”
632 1911 802 1974 ονομα,υ
779 1883 864 1953 υίόν
880 1883 918 1952 66
939 1890 1140 1973 Διονυσίου,

133 1987 232 2105 χάριν
243 1993 302 2073 τῆς
317 2011 353 2054 τε
366 1981 413 2105 66
425 1991 492 2054 νύν
506 1991 667 2108 βοηθείας
682 1982 765 2053 καὶ’
750 1989 847 2054 οσίου
864 1985 1009 2073 τρόπου·
1032 1980 1069 2064 69
1083 2011 1141 2070 γε·
1148 2028 1151 2033 -

134 2084 277 2172 νόμενος
288 2082 461 2170 τυράννου
473 2083 599 2167 πατρὸς
607 2083 694 2152 ἑκών
704 2085 767 2171 τὴν
778 2084 880 2155 πόλιν
891 2087 1077 2173 ἐλευθεροῖ,
1089 2110 1140 2153 τι·

133 2183 201 2272 μὴν
219 2180 311 2276 αύτῷ
322 2186 378 2252 καί
396 2185 487 2269 γένει
504 2180 641 2265 ἀείζωον
658 2181 733 2252 ἀντὶ
749 2187 951 2272 τυραννίδος
968 2185 1139 2272 ἐφημέρου

132 2284 188 2349 καί
199 2281 320 2350 ἀδίκου
330 2282 511 2368 κτώμενος.
533 2286 647 2368 τρίτον
658 2279 696 2348 δὲ
707 2288 951 2366 προκαλεῖσθαι
966 2279 1029 2367 χρὴ
1041 2290 1150 2369 βασι--

132 2384 191 2448 λέα
201 2386 380 2466 γίγνεσθαι
391 2384 639 2467 Συρακουσῶν,
647 2378 768 2446 ἑκόντα
780 2379 923 2464 ἑκούσης
933 2381 1139 2470 τῆςπόλεως,

89 2496 110 2544 Β
132 2476 193 2546 τόν
204 2483 272 2545 νύν
287 2483 351 2544 τού
368 2483 437 2543 τοῖν
454 2482 624 2562 πολεμίων
643 2474 789 2562 ἀρχοντα
806 2477 1035 2563 στρατοπέδου
1052 2489 1139 2547 Διο-

131 2578 253 2646 νύσιον
274 2573 335 2644 τόν
356 2580 563 2662 Διονυσίου,
586 2569 646 2641 έάν
675 2575 776 2664 ἐθέλῃ
797 2574 884 2644 ἑαύν
907 2582 964 2659 είς·
976 2579 1138 2666 βασιλέως

131 2684 240 2765 σχῆμα
257 2673 539 2761 ἀπαλλάττεσθαι,
559 2672 679 2754 δεδιύς
694 2671 757 2763 μὲν
771 2677 830 2758 τὰς
845 2677 958 2766 τύχας,
976 2679 1081 2743 ἐλεῶν
1098 2669 1137 2738 δὲ

132 2780 275 2863 πατρίδα
285 2777 369 2842 καί
353 2779 455 2860 ιερῶν
466 2769 719 2860 ἀθεραπευσίαν
729 2778 842 2846 καλ’
801 2803 940 2864 ταφους,
952 2799 997 2860 μη
986 2767 1065 2838 διὰ
1077 2795 1137 2855 φι-

130 2881 302 2943 λονεικίαν
320 2872 454 2954 πάντας
474 2872 583 2944 πάντα
600 2871 747 2966 ἀπολέσῃ
763 2874 945 2993 βαρβάροις
961 2873 1136 2958 ἐπίχαρτος

129 2973 328 3060 γενόμενος·
350 2969 517 3059 τρεϊςδ.”’
496 2998 596 3055 οντας
606 2980 772 3063 βασιλεας,
790 2969 851 3040 εἴτ’
865 2994 930 3037 ουν
940 2995 1003 3056 την
1013 2975 1136 3036 Λακιο

128 3069 231 3157 νικὴν
242 3071 390 3157 δύναμιν
408 3070 523 3153 αύτοῑς
542 3073 666 3155 δόντες
677 3082 743 3142 εἴτε
760 3067 948 3156 ἀφελόντες
959 3071 1016 3136 καλ
1033 3071 1146 3148 §two--

127 3170 410 3260 μολογρσάμενοι,
421 3171 674 3260 καταστήσασθε
685 3169 798 3260 τρόπῳ
815 3169 883 3236 τινὶ
893 3163 1056 3259 τοιῷδε,“
1034 3192 1073 3246 ος
1085 3173 1146 3234 εί·-

125 3287 227 3351 θηται
249 3268 314 3359 μὲν
337 3271 393 3338 καὶ
422 3269 588 3391 πρότερον
615 3267 712 3358 ύμῖν,
735 3267 825 3356 ὅμως
851 3264 884 3336 δ’
908 3272 957 3336 ἔτι
983 3268 1040 3336 καὶ
1067 3272 1135 3332 υύυ

123 3357 281 3441 ἀκούετε.
303 3367 363 3440 έάυ
381 3368 533 3459 έθέλχ
499 3395 537 3438 το
556 3374 654 3457 γένος
672 3366 754 3458 ύμῖν
771 3395 808 3437 το
797 3366 1007 3437 Διονυσίου
1025 3366 1146 3434 τεκαὶ
