2408 3764
131 181 176 247 54
479 180 748 273 ΕΙΠΙΣΤΟΛΗ
764 172 803 258 η’.

64 351 118 407 354
133 342 236 432 με’σον
250 340 420 462 ὀρθότατα
431 341 594 426 φιλέλλην
605 334 649 406 άν
659 345 811 426 λεχθείη·
833 338 906 408 δ’δό
914 366 971 429 μοι
983 349 1144 429 φαίνεταί

133 440 230 529 πητά
242 435 391 528 νῦν,ἐγω
403 437 601 523 πειράσομαι
613 434 878 528 πάσηκαρρησία
889 439 945 506 καὶ
956 464 1061 532 κοινςο
1047 447 1142 513 ’τινὶ

133 544 251 631 δικαίφ
262 537 352 630 λόγω
368 535 538 624 χριόμενος
555 538 693 621 δηλοῦν.
716 537 803 622 λέγω
819 535 884 626 γάρ
902 536 945 625 δη
963 544 1143 629 διαιτητοῦ

132 635 208 705 τινὰ
225 634 364 723 τρόπον,
381 629 659 753 δικλεγόμενος’
635 659 681 714 ως
701 637 801 702 δυοῖν
819 637 1093 758 τνραανεύσαντί
1107 667 1144 710 τε

133 737 190 803 καὶ
209 727 528 854 τυραννευθέντι,“
504 757 551 812 ως
568 732 618 799 ἑνὶ
632 733 776 855 ἕαιιτίρφ
796 733 943 804 παλαιάν
958 736 1043 826 ἐμην
1056 745 1141 828 ξυμ-

133 833 279 922 βουλήν·
302 834 358 901 καὶ
373 826 533 900 νύνδ’”
511 854 569 915 ογ
571 826 684 916 ’όμδς
701 829 839 919 myos*
818 861 861 902 αν
879 843 930 921 είη
949 835 1142 925 ξύμβουλος

134 932 290 1024 τυράννῳ
315 931 415 1000 παντὶ
437 927 594 1015 φεύγειν
601 927 664 1014 μὲν
685 929 837 1020 τοῦνομά
857 958 893 1002 τε
914 937 971 1001 καί
992 929 1140 1024 τοῦργον

135 1039 246 1121 τοῦτο,
265 1037 312 1113 είς
322 1032 495 1120 βασιλείαν
506 1027 555 1112 δέ,
568 1030 756 1098 είδυνατόν
768 1038 1057 1120 εληηιεταβαλελν.
1076 1039 1141 1102 δν-

95 1152 115 1204 Β
133 1131 238 1200 νατδν
253 1135 302 1219 δέ,
321 1127 367 1208 ως
386 1129 511 1206 ἔδειξεν
525 1129 613 1218 ἔργω
625 1125 731 1211 σοφὰς
748 1125 834 1218 ἀνὴρ
851 1132 908 1199 καί
926 1127 1056 1216 άγαθδς
1066 1140 1139 1203 Λυ-

131 1237 289 1317 κοῦργος,
307 1225 345 1308 δς
367 1222 450 1294 ίδάν
472 1220 510 1292 τδ
533 1228 603 1291 τοῖν
623 1228 757 1293 οἰκείων
777 1228 876 1312 γένος
898 1226 1061 1317 ἐν”Αργει
1084 1234 1142 1300 καὶ
1173 1304 1178 1327 .

132 1326 299 1414 Μεσσήνη
313 1326 351 1391 ἐκ
368 1325 534 1411 βασιλέων
551 1327 598 1403 είς
613 1322 794 1411 τυράννων
810 1327 958 1413 δύναμιν
975 1325 1143 1417 άφικομέ-

132 1450 215 1503 νους
225 1425 282 1491 καὶ
292 1426 557 1508 διαφθείραντας
569 1422 711 1504 ἑαυτούς
721 1448 757 1492 τε
770 1426 826 1492 καὶ
837 1423 900 1512 την
912 1425 1013 1495 πόλιν
1025 1428 1144 1496 ἑκατέ-

134 1547 216 1610 ρους
230 1523 401 1608 ἑκατέραν,
419 1524 530 1600 δείσας
551 1520 629 1607 περὶ
649 1526 708 1607 τῆς
729 1519 838 1601 αὑτοῦ
855 1523 983 1604 πόλεως
998 1521 1066 1611 ἅμα
1083 1529 1143 1594 καὶ

133 1623 263 1709 γόνους,
279 1621 460 1708 φάρμακον
479 1617 643 1705 ἐπήνεγκε
667 1616 730 1705 τὴν
751 1626 820 1688 των
841 1621 1012 1709 γερόντων
1034 1618 1144 1711 άρχήν

133 1718 260 1787 καὶτὸν
274 1720 490 1806 τοῖνόφόρων
504 1715 630 1805 δεσμόν
646 1722 704 1803 τῆς
722 1726 896 1811 βασιλικῆς
911 1716 1014 1808 ἀρχῆς
1030 1727 1142 1810 σωτή-

135 1842 221 1936 ριμν,
235 1815 320 1886 ὥστε
331 1814 448 1903 γενεάς
457 1815 624 1900 τοσαύτας
634 1813 699 1901 ἤδη
711 1814 784 1901 μετ’
798 1815 951 1900 εὐκλείας
961 1819 1139 1908 σοι’ζεσβαι,

99 1923 118 1976 c
134 1916 238 2001 νόμος
254 1913 368 2002 ἐπειδὴ
383 1914 501 2002 κύριος
518 1916 649 2000 ἐγένετο
668 1913 828 2034 βασιλεύς
843 1940 912 1984 των
931 1914 1139 2040 άνδροόπωα,

135 2010 210 2082 άλλ’
225 2010 289 2082 οόκ
301 2011 480 2102 άνδρωποι
491 2012 653 2102 τύραννοι
664 2011 790 2099 νόμων.
804 2009 877 2100 όδὴ
888 2018 945 2083 καὶ
956 2022 1025 2085 νῦν
1036 2013 1143 2103 οὑμός

134 2113 234 2202 λόγος
244 2118 325 2181 πάσι
337 2111 610 2200 παρακελεύεται,
622 2125 691 2193 τοῖς
707 2111 771 2201 μὲν
787 2119 988 2202 τυραννίδος
1006 2116 1142 2236 ἐφιεμέ-

134 2239 207 2294 νοις
218 2209 468 2301 ἀποτρέπεσθαι
479 2213 536 2280 καὶ
546 2211 690 2299 φεύγειν
701 2237 795 2334 φυγν,
781 2209 1143 2298 άπλήστωςπεινάν-

135 2335 203 2376 των
215 2308 458 2398 εὐδαιμόνισμα
469 2306 664 2394 ἀνθρώπων
674 2309 760 2378 πεδ’
741 2309 906 2399 ανοητων,
919 2317 967 2393 είς
978 2317 1144 2401 βασιλέως

135 2403 282 2486 δἐίδος
303 2416 488 2527 πειρᾶσθαι
508 2409 727 2494 μεταβάλλειν
741 2411 798 2490 καὶ
818 2414 1000 2480 δουλεῦσαι
1022 2412 1142 2498 νόμοις

136 2505 379 2590 βασιλικοῖς,
344 2531 402 2584 τας
413 2510 569 2590 μεγίστας
585 2507 682 2591 τιμάς
698 2511 923 2596 κεκτημένους
939 2507 1021 2594 παρ’
1042 2511 1143 2576 εκόν-

134 2626 204 2674 των
214 2625 251 2668 τε
261 2597 457 2689 ἀνθρώπων
468 2604 604 2669 τούτων
620 2603 753 2694 νόμων·
773 2618 843 2688 τοῖς
860 2607 898 2676 δὲ
915 2606 956 2695 δη
974 2605 1140 2723 ίλεύβερα

94 2713 116 2764 Ι)
135 2697 353 2768 δεύκονσιν”
330 2710 401 2787 ηθη
413 2703 468 2768 καὶ
484 2698 653 2787 φεύγουσι
668 2701 729 2771 τὸν
741 2704 899 2775 δούλειον
916 2700 1018 2786 ζυγον
1035 2696 1080 2780 ὦς
1099 2696 1143 2769 όν

133 2801 251 2887 κακόν,
265 2796 483 2888 εὐλαβεῖσθαι
493 2800 757 2890 ξυμβουλεύοιμ’
770 2800 813 2873 άν
826 2803 963 2891 μήποτε
974 2795 1141 2893 ἀπληστία

134 2899 332 2986 ἐλευθερίας
342 2896 485 2987 ἀκαίρου
501 2896 593 2978 τινός
611 2905 657 2981 είς
670 2900 708 2968 τό
726 2908 797 2970 τῶν
811 2896 991 2986 προγόνων
1008 2896 1141 2987 νόσημα

36 3004 38 3009 ’
135 2998 334 3085 ἐμπέσωσιν,
344 2995 365 3065 ό
375 2996 500 3084 διάτὴν
510 2996 808 3087 άγανάναρχίοινοί
816 2996 891 3064 τότε
903 3001 1044 3086 ἔπαθον,
1057 2995 1141 3087 άμέ-

134 3109 203 3186 τρμ
215 3098 410 3185 ἐλευθερίας
422 3098 589 3186 χρεόμενοι
600 3105 714 3186 ἔρωτι·
737 3101 772 3164 οἱ
785 3094 850 3184 γάρ
869 3093 934 3185 πρὸ
948 3104 1139 3167 Διονυσίου

134 3195 190 3261 καλ
205 3191 401 3284 Ἱππαρίνου
412 3194 572 3286 άρξαντες
583 3201 783 3266 Σικελιῶται
799 3196 876 3264 τότε
894 3194 940 3277 οἱς
960 3194 1066 3288 ρ’όοντο
1080 3196 1140 3265 εό-

134 3292 304 3378 δαιμόνως
313 3297 407 3381 ἔζων,
419 3299 614 3385 τρυφῶντές
624 3320 660 3364 τε
670 3297 726 3363 καὶ
738 3291 806 3383 άμοι
823 3293 998 3384 ἀρχόντων
1015 3295 1140 3383 άρχον-

133 3414 201 3469 τες·
223 3399 257 3460 οἳ
266 3395 322 3461 καί
335 3392 417 3476 τοὺς.
427 3398 507 3464 δέκα
519 3394 725 3484 στρατηγούς
742 3401 947 3512 αατίλευσαν
959 3399 1141 3486 βάλλοντες
