<?xml version="1.0" encoding="UTF-8"?>
<!DOCTYPE html PUBLIC "-//W3C//DTD XHTML 1.0 Transitional//EN"
    "http://www.w3.org/TR/xhtml1/DTD/xhtml1-transitional.dtd">
<html xmlns="http://www.w3.org/1999/xhtml" xml:lang="en" lang="en">
 <head>
  <title>
</title>
<meta http-equiv="Content-Type" content="text/html;charset=utf-8" />
  <meta name='ocr-system' content='tesseract 3.04.00' />
  <meta name='ocr-capabilities' content='ocr_page ocr_carea ocr_par ocr_line ocrx_word'/>
</head>
<body>
  <div class='ocr_page' id='page_1' title='image "./dialogisecundum04platgoog_0189.png"; bbox 0 0 2422 3758; ppageno 0'>
   <div class='ocr_carea' id='block_1_1' title="bbox 110 224 736 307">
    <p class='ocr_par' dir='ltr' id='par_1_1' title="bbox 110 224 736 307">
     <span class='ocr_line' id='line_1_1' title="bbox 110 224 736 307; baseline -0.003 -20"><span class='ocrx_word' id='word_1_1' title='bbox 110 224 172 288; x_wconf 83' lang='lat'><strong><em>140</em></strong></span> <span class='ocrx_word' id='word_1_2' title='bbox 283 301 287 307; x_wconf 49' lang='grc'><strong><em>,</em></strong></span> <span class='ocrx_word' id='word_1_3' title='bbox 506 226 736 293; x_wconf 68' lang='grc' dir='ltr'><strong><em>απιοποε.</em></strong></span> 
     </span>
    </p>
   </div>
   <div class='ocr_carea' id='block_1_2' title="bbox 64 384 1130 3413">
    <p class='ocr_par' dir='ltr' id='par_1_2' title="bbox 108 384 1120 770">
     <span class='ocr_line' id='line_1_2' title="bbox 110 384 1119 479; baseline 0.008 -24"><span class='ocrx_word' id='word_1_4' title='bbox 110 389 154 455; x_wconf 84' lang='grc' dir='ltr'><strong><em>σύ</em></strong></span> <span class='ocrx_word' id='word_1_5' title='bbox 166 385 302 474; x_wconf 78' lang='grc' dir='ltr'><strong><em>μὲνγὰρ</em></strong></span> <span class='ocrx_word' id='word_1_6' title='bbox 314 385 402 455; x_wconf 82' lang='grc' dir='ltr'><strong><em>οὕτω</em></strong></span> <span class='ocrx_word' id='word_1_7' title='bbox 414 396 521 467; x_wconf 79' lang='grc' dir='ltr'><strong><em>λαλεῖς</em></strong></span> <span class='ocrx_word' id='word_1_8' title='bbox 532 384 620 467; x_wconf 78' lang='grc' dir='ltr'><strong><em>ώςὲξ</em></strong></span> <span class='ocrx_word' id='word_1_9' title='bbox 631 385 783 455; x_wconf 83' lang='grc' dir='ltr'><strong><em>ἀπόπτου</em></strong></span> <span class='ocrx_word' id='word_1_10' title='bbox 794 387 975 477; x_wconf 74' lang='grc' dir='ltr'><strong><em>θεώμενος,</em></strong></span> <span class='ocrx_word' id='word_1_11' title='bbox 986 388 1119 479; x_wconf 78' lang='grc' dir='ltr'><strong><em>ἡμεῖςδ</em></strong></span> 
     </span>
     <span class='ocr_line' id='line_1_3' title="bbox 110 481 1120 577; baseline 0.004 -22"><span class='ocrx_word' id='word_1_12' title='bbox 110 496 206 572; x_wconf 81' lang='grc' dir='ltr'><strong><em>ίσμεν</em></strong></span> <span class='ocrx_word' id='word_1_13' title='bbox 224 483 459 573; x_wconf 81' lang='grc' dir='ltr'><strong><em>ἀκριβέστερον</em></strong></span> <span class='ocrx_word' id='word_1_14' title='bbox 476 489 512 555; x_wconf 80' lang='grc' dir='ltr'><strong><em>οδ</em></strong></span> <span class='ocrx_word' id='word_1_15' title='bbox 529 481 583 553; x_wconf 86' lang='grc' dir='ltr'><strong><em>διά</em></strong></span> <span class='ocrx_word' id='word_1_16' title='bbox 606 493 721 573; x_wconf 89' lang='grc' dir='ltr'><strong><em>πείρας</em></strong></span> <span class='ocrx_word' id='word_1_17' title='bbox 736 486 850 564; x_wconf 78' lang='grc' dir='ltr'><strong><em>ἰόντες.</em></strong></span> <span class='ocrx_word' id='word_1_18' title='bbox 873 493 976 574; x_wconf 80' lang='grc' dir='ltr'><strong><em>δῆμος</em></strong></span> <span class='ocrx_word' id='word_1_19' title='bbox 995 491 1073 577; x_wconf 77' lang='grc' dir='ltr'><strong><em>γάρ,</em></strong></span> <span class='ocrx_word' id='word_1_20' title='bbox 1092 485 1120 559; x_wconf 82' lang='grc' dir='ltr'><strong><em>ώ</em></strong></span> 
     </span>
     <span class='ocr_line' id='line_1_4' title="bbox 108 580 1118 673; baseline 0.003 -22"><span class='ocrx_word' id='word_1_21' title='bbox 108 591 185 669; x_wconf 86' lang='grc' dir='ltr'><strong><em>φίλε</em></strong></span> <span class='ocrx_word' id='word_1_22' title='bbox 205 581 392 668; x_wconf 87' lang='grc' dir='ltr'><strong><em>Σώκρατες,</em></strong></span> <span class='ocrx_word' id='word_1_23' title='bbox 408 581 596 668; x_wconf 88' lang='grc' dir='ltr'><strong><em>ἀχάριστον,</em></strong></span> <span class='ocrx_word' id='word_1_24' title='bbox 612 580 792 669; x_wconf 75' lang='grc' dir='ltr'><strong><em>Ιδιψίκορον,</em></strong></span> <span class='ocrx_word' id='word_1_25' title='bbox 810 581 912 670; x_wconf 89' lang='grc' dir='ltr'><strong><em>ώμόν,</em></strong></span> <span class='ocrx_word' id='word_1_26' title='bbox 933 585 1118 673; x_wconf 81' lang='grc' dir='ltr'><strong><em>βάσκανον,</em></strong></span> 
     </span>
     <span class='ocr_line' id='line_1_5' title="bbox 110 675 1119 770; baseline 0.005 -21"><span class='ocrx_word' id='word_1_27' title='bbox 110 680 322 766; x_wconf 85' lang='grc' dir='ltr'><strong><em>ἀπαίδευτον,</em></strong></span> <span class='ocrx_word' id='word_1_28' title='bbox 336 676 381 760; x_wconf 78' lang='grc' dir='ltr'><strong><em>ὡς</em></strong></span> <span class='ocrx_word' id='word_1_29' title='bbox 392 675 437 747; x_wconf 84' lang='grc' dir='ltr'><strong><em>δν</em></strong></span> <span class='ocrx_word' id='word_1_30' title='bbox 452 685 742 767; x_wconf 81' lang='grc' dir='ltr'><strong><em>συνηρανισμένον</em></strong></span> <span class='ocrx_word' id='word_1_31' title='bbox 760 684 796 749; x_wconf 82' lang='grc' dir='ltr'><strong><em>ἐκ</em></strong></span> <span class='ocrx_word' id='word_1_32' title='bbox 813 681 1000 766; x_wconf 77' lang='grc' dir='ltr'><strong><em>σύμκλυδος</em></strong></span> <span class='ocrx_word' id='word_1_33' title='bbox 1016 683 1119 770; x_wconf 85' lang='grc' dir='ltr'><strong><em>ὅχλου</em></strong></span> 
     </span>
    </p>

    <p class='ocr_par' dir='ltr' id='par_1_3' title="bbox 72 775 1119 967">
     <span class='ocr_line' id='line_1_6' title="bbox 72 775 1119 869; baseline 0.002 -20"><span class='ocrx_word' id='word_1_34' title='bbox 72 783 167 849; x_wconf 67' lang='lat' dir='ltr'><strong><em>naal</em></strong></span> <span class='ocrx_word' id='word_1_35' title='bbox 195 785 314 866; x_wconf 79' lang='grc' dir='ltr'><strong><em>βιαίων</em></strong></span> <span class='ocrx_word' id='word_1_36' title='bbox 341 775 520 863; x_wconf 85' lang='grc' dir='ltr'><strong><em>φλυάρων·</em></strong></span> <span class='ocrx_word' id='word_1_37' title='bbox 553 777 631 848; x_wconf 75' lang='grc' dir='ltr'><strong><em>ὅδὲ</em></strong></span> <span class='ocrx_word' id='word_1_38' title='bbox 656 779 763 869; x_wconf 75' lang='grc' dir='ltr'><strong><em>τούτῳ</em></strong></span> <span class='ocrx_word' id='word_1_39' title='bbox 790 783 1119 869; x_wconf 76' lang='grc' dir='ltr'><strong><em>προσεταιριζόμενος</em></strong></span> 
     </span>
     <span class='ocr_line' id='line_1_7' title="bbox 109 867 454 967; baseline 0.009 -23"><span class='ocrx_word' id='word_1_40' title='bbox 109 875 313 963; x_wconf 72' lang='grc' dir='ltr'><strong><em>ἀθλιώτερος</em></strong></span> <span class='ocrx_word' id='word_1_41' title='bbox 327 867 454 967; x_wconf 78' lang='grc' dir='ltr'><strong><em>μακρῷ.</em></strong></span> 
     </span>
    </p>

    <p class='ocr_par' dir='ltr' id='par_1_4' title="bbox 107 965 1130 1451">
     <span class='ocr_line' id='line_1_8' title="bbox 191 965 1118 1062; baseline 0.003 -20"><span class='ocrx_word' id='word_1_42' title='bbox 191 981 267 1042; x_wconf 73' lang='grc' dir='ltr'><strong><em>Σίδ.</em></strong></span> <span class='ocrx_word' id='word_1_43' title='bbox 288 971 405 1042; x_wconf 85' lang='grc' dir='ltr'><strong><em>Ὁπότε</em></strong></span> <span class='ocrx_word' id='word_1_44' title='bbox 416 967 491 1059; x_wconf 88' lang='grc' dir='ltr'><strong><em>ούν,</em></strong></span> <span class='ocrx_word' id='word_1_45' title='bbox 501 965 529 1041; x_wconf 84' lang='grc' dir='ltr'><strong><em>ώ</em></strong></span> <span class='ocrx_word' id='word_1_46' title='bbox 541 972 670 1059; x_wconf 77' lang='grc' dir='ltr'><strong><em>Ἀξίοχε,</em></strong></span> <span class='ocrx_word' id='word_1_47' title='bbox 683 971 745 1060; x_wconf 79' lang='grc' dir='ltr'><strong><em>την</em></strong></span> <span class='ocrx_word' id='word_1_48' title='bbox 755 976 1039 1062; x_wconf 81' lang='grc' dir='ltr'><strong><em>ἐλευθεριωτάτην</em></strong></span> <span class='ocrx_word' id='word_1_49' title='bbox 1051 981 1118 1045; x_wconf 78' lang='grc' dir='ltr'><strong><em>ἐπι-</em></strong></span> 
     </span>
     <span class='ocr_line' id='line_1_9' title="bbox 107 1068 1118 1159; baseline 0.004 -20"><span class='ocrx_word' id='word_1_50' title='bbox 107 1071 236 1159; x_wconf 77' lang='grc' dir='ltr'><strong><em>στήμην</em></strong></span> <span class='ocrx_word' id='word_1_51' title='bbox 246 1077 379 1141; x_wconf 72' lang='grc' dir='ltr'><strong><em>τίθεσαι</em></strong></span> <span class='ocrx_word' id='word_1_52' title='bbox 388 1078 456 1138; x_wconf 85' lang='grc' dir='ltr'><strong><em>τών</em></strong></span> <span class='ocrx_word' id='word_1_53' title='bbox 467 1075 594 1138; x_wconf 87' lang='grc' dir='ltr'><strong><em>λοιπών</em></strong></span> <span class='ocrx_word' id='word_1_54' title='bbox 610 1068 905 1158; x_wconf 87' lang='grc' dir='ltr'><strong><em>ἀπευκταιοτάτην,</em></strong></span> <span class='ocrx_word' id='word_1_55' title='bbox 923 1080 956 1141; x_wconf 88' lang='grc' dir='ltr'><strong><em>τί</em></strong></span> <span class='ocrx_word' id='word_1_56' title='bbox 972 1076 1030 1153; x_wconf 83' lang='grc' dir='ltr'><strong><em>τὰς</em></strong></span> <span class='ocrx_word' id='word_1_57' title='bbox 1046 1084 1118 1143; x_wconf 85' lang='grc' dir='ltr'><strong><em>λοι-</em></strong></span> 
     </span>
     <span class='ocr_line' id='line_1_10' title="bbox 107 1167 1130 1264; baseline 0.007 -29"><span class='ocrx_word' id='word_1_58' title='bbox 107 1168 171 1248; x_wconf 87' lang='grc' dir='ltr'><strong><em>πάς</em></strong></span> <span class='ocrx_word' id='word_1_59' title='bbox 192 1169 414 1255; x_wconf 75' lang='grc' dir='ltr'><strong><em>ἐπιτηδεύσεις</em></strong></span> <span class='ocrx_word' id='word_1_60' title='bbox 441 1169 659 1256; x_wconf 80' lang='grc' dir='ltr'><strong><em>ἐννοησομεν;</em></strong></span> <span class='ocrx_word' id='word_1_61' title='bbox 684 1167 727 1236; x_wconf 86' lang='grc' dir='ltr'><strong><em>ού</em></strong></span> <span class='ocrx_word' id='word_1_62' title='bbox 748 1170 909 1255; x_wconf 82' lang='grc' dir='ltr'><strong><em>φευκτάς;</em></strong></span> <span class='ocrx_word' id='word_1_63' title='bbox 933 1171 1063 1264; x_wconf 80' lang='grc' dir='ltr'><strong><em>ἥκουσα</em></strong></span> <span class='ocrx_word' id='word_1_64' title='bbox 1081 1177 1130 1242; x_wconf 86' lang='grc' dir='ltr'><strong><em>δέ·</em></strong></span> 
     </span>
     <span class='ocr_line' id='line_1_11' title="bbox 107 1264 1118 1355; baseline 0.007 -22"><span class='ocrx_word' id='word_1_65' title='bbox 107 1290 186 1333; x_wconf 89' lang='grc' dir='ltr'><strong><em>ποτε</em></strong></span> <span class='ocrx_word' id='word_1_66' title='bbox 198 1268 254 1333; x_wconf 84' lang='grc' dir='ltr'><strong><em>καὶ</em></strong></span> <span class='ocrx_word' id='word_1_67' title='bbox 266 1273 326 1334; x_wconf 84' lang='grc' dir='ltr'><strong><em>τοῦ</em></strong></span> <span class='ocrx_word' id='word_1_68' title='bbox 336 1270 507 1349; x_wconf 79' lang='grc' dir='ltr'><strong><em>Προδίκου</em></strong></span> <span class='ocrx_word' id='word_1_69' title='bbox 520 1269 684 1350; x_wconf 72' lang='grc' dir='ltr'><strong><em>λέγοντος,</em></strong></span> <span class='ocrx_word' id='word_1_70' title='bbox 697 1264 748 1333; x_wconf 85' lang='grc' dir='ltr'><strong><em>ότι</em></strong></span> <span class='ocrx_word' id='word_1_71' title='bbox 763 1265 781 1334; x_wconf 88' lang='grc' dir='ltr'><strong>ὁ</strong></span> <span class='ocrx_word' id='word_1_72' title='bbox 792 1265 941 1349; x_wconf 91' lang='grc' dir='ltr'><strong><em>θάνατος</em></strong></span> <span class='ocrx_word' id='word_1_73' title='bbox 952 1267 1029 1336; x_wconf 79' lang='grc' dir='ltr'><strong><em>οὔτε</em></strong></span> <span class='ocrx_word' id='word_1_74' title='bbox 1040 1275 1118 1355; x_wconf 82' lang='grc' dir='ltr'><strong><em>περὶ</em></strong></span> 
     </span>
     <span class='ocr_line' id='line_1_12' title="bbox 107 1361 947 1451; baseline 0.004 -21"><span class='ocrx_word' id='word_1_75' title='bbox 107 1361 185 1440; x_wconf 83' lang='grc' dir='ltr'><strong><em>τούς</em></strong></span> <span class='ocrx_word' id='word_1_76' title='bbox 196 1363 320 1443; x_wconf 77' lang='grc' dir='ltr'><strong><em>ζῶντάς</em></strong></span> <span class='ocrx_word' id='word_1_77' title='bbox 331 1365 420 1430; x_wconf 80' lang='grc' dir='ltr'><strong><em>ἐστιν</em></strong></span> <span class='ocrx_word' id='word_1_78' title='bbox 432 1363 509 1430; x_wconf 77' lang='grc' dir='ltr'><strong><em>οὔτε</em></strong></span> <span class='ocrx_word' id='word_1_79' title='bbox 521 1365 597 1450; x_wconf 85' lang='grc' dir='ltr'><strong><em>περὶ</em></strong></span> <span class='ocrx_word' id='word_1_80' title='bbox 610 1361 689 1444; x_wconf 87' lang='grc' dir='ltr'><strong><em>τούς</em></strong></span> <span class='ocrx_word' id='word_1_81' title='bbox 699 1364 947 1451; x_wconf 83' lang='grc' dir='ltr'><strong><em>μετηλλαχότας.</em></strong></span> 
     </span>
    </p>

    <p class='ocr_par' dir='ltr' id='par_1_5' title="bbox 192 1453 692 1547">
     <span class='ocr_line' id='line_1_13' title="bbox 192 1453 692 1547; baseline 0.008 -22"><span class='ocrx_word' id='word_1_82' title='bbox 192 1462 260 1534; x_wconf 74' lang='grc' dir='ltr'><strong><em>ΛΞ.</em></strong></span> <span class='ocrx_word' id='word_1_83' title='bbox 280 1466 359 1538; x_wconf 87' lang='grc' dir='ltr'><strong><em>Πώς</em></strong></span> <span class='ocrx_word' id='word_1_84' title='bbox 372 1458 448 1547; x_wconf 76' lang='grc' dir='ltr'><strong><em>φῄς,</em></strong></span> <span class='ocrx_word' id='word_1_85' title='bbox 461 1453 692 1545; x_wconf 74' lang='grc' dir='ltr'><strong><em>ώΣώκρατεςς</em></strong></span> 
     </span>
    </p>

    <p class='ocr_par' dir='ltr' id='par_1_6' title="bbox 192 1555 1116 1648">
     <span class='ocr_line' id='line_1_14' title="bbox 192 1555 1116 1648; baseline 0.009 -23"><span class='ocrx_word' id='word_1_86' title='bbox 192 1561 241 1625; x_wconf 87' lang='grc' dir='ltr'><strong><em>ΙΧ.</em></strong></span> <span class='ocrx_word' id='word_1_87' title='bbox 264 1564 339 1626; x_wconf 72' lang='grc' dir='ltr'><strong><em>Σίδ.</em></strong></span> <span class='ocrx_word' id='word_1_88' title='bbox 354 1555 425 1625; x_wconf 80' lang='grc' dir='ltr'><strong><em>Ὅτι</em></strong></span> <span class='ocrx_word' id='word_1_89' title='bbox 436 1560 511 1642; x_wconf 80' lang='grc' dir='ltr'><strong><em>περὶ</em></strong></span> <span class='ocrx_word' id='word_1_90' title='bbox 522 1559 582 1645; x_wconf 76' lang='grc' dir='ltr'><strong><em>μὲν</em></strong></span> <span class='ocrx_word' id='word_1_91' title='bbox 600 1556 679 1638; x_wconf 86' lang='grc' dir='ltr'><strong><em>τούς</em></strong></span> <span class='ocrx_word' id='word_1_92' title='bbox 696 1567 817 1641; x_wconf 81' lang='grc' dir='ltr'><strong><em>ζώντας</em></strong></span> <span class='ocrx_word' id='word_1_93' title='bbox 832 1558 896 1630; x_wconf 86' lang='grc' dir='ltr'><strong><em>ούκ</em></strong></span> <span class='ocrx_word' id='word_1_94' title='bbox 913 1567 1013 1648; x_wconf 81' lang='grc' dir='ltr'><strong><em>ἔστιν,</em></strong></span> <span class='ocrx_word' id='word_1_95' title='bbox 1030 1567 1065 1632; x_wconf 82' lang='grc' dir='ltr'><strong><em>οί</em></strong></span> <span class='ocrx_word' id='word_1_96' title='bbox 1078 1566 1116 1634; x_wconf 79' lang='grc' dir='ltr'><strong><em>δὲ</em></strong></span> 
     </span>
    </p>

    <p class='ocr_par' dir='ltr' id='par_1_7' title="bbox 69 1654 1116 2334">
     <span class='ocr_line' id='line_1_15' title="bbox 69 1654 1116 1747; baseline 0.006 -25"><span class='ocrx_word' id='word_1_97' title='bbox 69 1671 88 1722; x_wconf 82' lang='lat' dir='ltr'>c</span> <span class='ocrx_word' id='word_1_98' title='bbox 106 1654 337 1737; x_wconf 78' lang='grc' dir='ltr'><strong><em>ἀποθανόντες</em></strong></span> <span class='ocrx_word' id='word_1_99' title='bbox 349 1656 412 1725; x_wconf 89' lang='grc' dir='ltr'><strong><em>ούκ</em></strong></span> <span class='ocrx_word' id='word_1_100' title='bbox 423 1663 516 1727; x_wconf 81' lang='grc' dir='ltr'><strong><em>εἰσίν.</em></strong></span> <span class='ocrx_word' id='word_1_101' title='bbox 540 1656 624 1725; x_wconf 84' lang='grc' dir='ltr'><strong><em>ώστε</em></strong></span> <span class='ocrx_word' id='word_1_102' title='bbox 635 1657 714 1726; x_wconf 78' lang='grc' dir='ltr'><strong><em>οὔτε</em></strong></span> <span class='ocrx_word' id='word_1_103' title='bbox 733 1663 808 1745; x_wconf 80' lang='grc' dir='ltr'><strong><em>περὶ</em></strong></span> <span class='ocrx_word' id='word_1_104' title='bbox 824 1660 860 1729; x_wconf 69' lang='grc' dir='ltr'><strong><em>σὲ</em></strong></span> <span class='ocrx_word' id='word_1_105' title='bbox 876 1666 942 1729; x_wconf 83' lang='grc' dir='ltr'><strong><em>νύν</em></strong></span> <span class='ocrx_word' id='word_1_106' title='bbox 958 1663 1058 1747; x_wconf 83' lang='grc' dir='ltr'><strong><em>ἐστίν,</em></strong></span> <span class='ocrx_word' id='word_1_107' title='bbox 1074 1661 1116 1730; x_wconf 90' lang='grc' dir='ltr'><strong><em>ού</em></strong></span> 
     </span>
     <span class='ocr_line' id='line_1_16' title="bbox 105 1753 1115 1844; baseline 0.004 -22"><span class='ocrx_word' id='word_1_108' title='bbox 105 1753 170 1840; x_wconf 81' lang='grc' dir='ltr'><strong><em>χάρ</em></strong></span> <span class='ocrx_word' id='word_1_109' title='bbox 182 1762 357 1843; x_wconf 81' lang='grc' dir='ltr'><strong><em>τέθνηκας,</em></strong></span> <span class='ocrx_word' id='word_1_110' title='bbox 376 1754 454 1824; x_wconf 79' lang='grc' dir='ltr'><strong><em>οὔτε</em></strong></span> <span class='ocrx_word' id='word_1_111' title='bbox 475 1765 507 1825; x_wconf 90' lang='grc' dir='ltr'><strong><em>εί</em></strong></span> <span class='ocrx_word' id='word_1_112' title='bbox 516 1782 548 1824; x_wconf 87' lang='grc' dir='ltr'><strong><em>τι</em></strong></span> <span class='ocrx_word' id='word_1_113' title='bbox 566 1754 699 1841; x_wconf 84' lang='grc' dir='ltr'><strong><em>πόθοις,</em></strong></span> <span class='ocrx_word' id='word_1_114' title='bbox 716 1763 807 1826; x_wconf 77' lang='grc' dir='ltr'><strong><em>ἔσται</em></strong></span> <span class='ocrx_word' id='word_1_115' title='bbox 824 1761 898 1844; x_wconf 80' lang='grc' dir='ltr'><strong><em>περὶ</em></strong></span> <span class='ocrx_word' id='word_1_116' title='bbox 913 1760 965 1826; x_wconf 82' lang='grc' dir='ltr'><strong><em>σε’·</em></strong></span> <span class='ocrx_word' id='word_1_117' title='bbox 988 1757 1031 1824; x_wconf 86' lang='grc' dir='ltr'><strong><em>σύ</em></strong></span> <span class='ocrx_word' id='word_1_118' title='bbox 1048 1758 1115 1844; x_wconf 81' lang='grc' dir='ltr'><strong><em>μάρ</em></strong></span> 
     </span>
     <span class='ocr_line' id='line_1_17' title="bbox 106 1846 1115 1942; baseline 0.005 -23"><span class='ocrx_word' id='word_1_119' title='bbox 106 1850 169 1922; x_wconf 90' lang='grc' dir='ltr'><strong><em>ούκ</em></strong></span> <span class='ocrx_word' id='word_1_120' title='bbox 181 1859 256 1925; x_wconf 76' lang='grc' dir='ltr'><strong><em>ἔσει.</em></strong></span> <span class='ocrx_word' id='word_1_121' title='bbox 284 1854 422 1940; x_wconf 89' lang='grc' dir='ltr'><strong><em>μάταιος</em></strong></span> <span class='ocrx_word' id='word_1_122' title='bbox 433 1846 497 1922; x_wconf 82' lang='grc' dir='ltr'><strong><em>ούν</em></strong></span> <span class='ocrx_word' id='word_1_123' title='bbox 508 1853 528 1940; x_wconf 80' lang='grc' dir='ltr'><strong><em>η</em></strong></span> <span class='ocrx_word' id='word_1_124' title='bbox 541 1854 641 1942; x_wconf 89' lang='grc' dir='ltr'><strong><em>λύπη,</em></strong></span> <span class='ocrx_word' id='word_1_125' title='bbox 659 1859 733 1940; x_wconf 77' lang='grc' dir='ltr'><strong><em>περὶ</em></strong></span> <span class='ocrx_word' id='word_1_126' title='bbox 748 1864 811 1923; x_wconf 85' lang='grc' dir='ltr'><strong><em>τού</em></strong></span> <span class='ocrx_word' id='word_1_127' title='bbox 828 1855 908 1942; x_wconf 80' lang='grc' dir='ltr'><strong><em>μήτε</em></strong></span> <span class='ocrx_word' id='word_1_128' title='bbox 923 1855 1018 1934; x_wconf 82' lang='grc' dir='ltr'><strong><em>ὄντος</em></strong></span> <span class='ocrx_word' id='word_1_129' title='bbox 1031 1857 1115 1942; x_wconf 78' lang='grc' dir='ltr'><strong><em>μήτε</em></strong></span> 
     </span>
     <span class='ocr_line' id='line_1_18' title="bbox 105 1950 1115 2040; baseline 0.002 -20"><span class='ocrx_word' id='word_1_130' title='bbox 105 1954 266 2040; x_wconf 79' lang='grc' dir='ltr'><strong><em>ἐσομένου</em></strong></span> <span class='ocrx_word' id='word_1_131' title='bbox 277 1955 352 2036; x_wconf 81' lang='grc' dir='ltr'><strong><em>περὶ</em></strong></span> <span class='ocrx_word' id='word_1_132' title='bbox 362 1951 505 2039; x_wconf 79' lang='grc' dir='ltr'><strong><em>Ἀξίοχον</em></strong></span> <span class='ocrx_word' id='word_1_133' title='bbox 513 1950 657 2039; x_wconf 75' lang='grc' dir='ltr'><strong><em>Ἀξίοχον</em></strong></span> <span class='ocrx_word' id='word_1_134' title='bbox 669 1950 863 2039; x_wconf 86' lang='grc' dir='ltr'><strong><em>ὀδύρεσθαι,</em></strong></span> <span class='ocrx_word' id='word_1_135' title='bbox 875 1956 931 2021; x_wconf 80' lang='grc' dir='ltr'><strong><em>καί</em></strong></span> <span class='ocrx_word' id='word_1_136' title='bbox 941 1950 1059 2038; x_wconf 81' lang='grc' dir='ltr'><strong><em>ὅμοιον</em></strong></span> <span class='ocrx_word' id='word_1_137' title='bbox 1070 1952 1115 2033; x_wconf 78' lang='grc' dir='ltr'><strong><em>ὡς</em></strong></span> 
     </span>
     <span class='ocr_line' id='line_1_19' title="bbox 105 2046 1115 2137; baseline 0 -19"><span class='ocrx_word' id='word_1_138' title='bbox 105 2057 136 2119; x_wconf 90' lang='grc' dir='ltr'><strong><em>εί</em></strong></span> <span class='ocrx_word' id='word_1_139' title='bbox 149 2051 293 2137; x_wconf 74' lang='grc' dir='ltr'><strong><em>περὶτῆς</em></strong></span> <span class='ocrx_word' id='word_1_140' title='bbox 306 2049 463 2136; x_wconf 83' lang='grc' dir='ltr'><strong><em>Σκύλλης</em></strong></span> <span class='ocrx_word' id='word_1_141' title='bbox 477 2046 499 2137; x_wconf 75' lang='grc' dir='ltr'><strong><em>ἦ</em></strong></span> <span class='ocrx_word' id='word_1_142' title='bbox 513 2058 574 2118; x_wconf 81' lang='grc' dir='ltr'><strong><em>τοῦ</em></strong></span> <span class='ocrx_word' id='word_1_143' title='bbox 585 2051 782 2137; x_wconf 86' lang='grc' dir='ltr'><strong><em>Κενταύρου</em></strong></span> <span class='ocrx_word' id='word_1_144' title='bbox 796 2076 845 2128; x_wconf 88' lang='grc' dir='ltr'><strong><em>τις</em></strong></span> <span class='ocrx_word' id='word_1_145' title='bbox 862 2047 1028 2136; x_wconf 88' lang='grc' dir='ltr'><strong><em>ὀδύροιτο,</em></strong></span> <span class='ocrx_word' id='word_1_146' title='bbox 1046 2059 1115 2118; x_wconf 85' lang='grc' dir='ltr'><strong><em>τών</em></strong></span> 
     </span>
     <span class='ocr_line' id='line_1_20' title="bbox 104 2146 1113 2235; baseline 0 -19"><span class='ocrx_word' id='word_1_147' title='bbox 104 2147 185 2235; x_wconf 79' lang='grc' dir='ltr'><strong><em>μήτε</em></strong></span> <span class='ocrx_word' id='word_1_148' title='bbox 195 2148 305 2217; x_wconf 88' lang='grc' dir='ltr'><strong><em>όντων</em></strong></span> <span class='ocrx_word' id='word_1_149' title='bbox 315 2152 391 2235; x_wconf 83' lang='grc' dir='ltr'><strong><em>περί</em></strong></span> <span class='ocrx_word' id='word_1_150' title='bbox 401 2149 438 2217; x_wconf 76' lang='grc' dir='ltr'><strong><em>σὲ</em></strong></span> <span class='ocrx_word' id='word_1_151' title='bbox 448 2149 530 2235; x_wconf 86' lang='grc' dir='ltr'><strong><em>μήτε</em></strong></span> <span class='ocrx_word' id='word_1_152' title='bbox 541 2146 684 2235; x_wconf 77' lang='grc' dir='ltr'><strong><em>ὕστερον</em></strong></span> <span class='ocrx_word' id='word_1_153' title='bbox 699 2147 779 2234; x_wconf 88' lang='grc' dir='ltr'><strong><em>μετά</em></strong></span> <span class='ocrx_word' id='word_1_154' title='bbox 795 2146 857 2235; x_wconf 80' lang='grc' dir='ltr'><strong><em>τὴν</em></strong></span> <span class='ocrx_word' id='word_1_155' title='bbox 870 2146 1028 2234; x_wconf 77' lang='grc' dir='ltr'><strong><em>τελευτὴν</em></strong></span> <span class='ocrx_word' id='word_1_156' title='bbox 1040 2151 1113 2216; x_wconf 80' lang='grc' dir='ltr'><strong><em>ἐσο-</em></strong></span> 
     </span>
     <span class='ocr_line' id='line_1_21' title="bbox 105 2239 1114 2334; baseline -0.001 -21"><span class='ocrx_word' id='word_1_157' title='bbox 105 2250 224 2332; x_wconf 81' lang='grc' dir='ltr'><strong><em>μένων.</em></strong></span> <span class='ocrx_word' id='word_1_158' title='bbox 247 2246 284 2315; x_wconf 86' lang='grc' dir='ltr'><strong><em>τδ</em></strong></span> <span class='ocrx_word' id='word_1_159' title='bbox 300 2249 364 2334; x_wconf 85' lang='grc' dir='ltr'><strong><em>χάρ</em></strong></span> <span class='ocrx_word' id='word_1_160' title='bbox 376 2247 525 2333; x_wconf 83' lang='grc' dir='ltr'><strong><em>φοβερὸν</em></strong></span> <span class='ocrx_word' id='word_1_161' title='bbox 536 2261 602 2324; x_wconf 78' lang='grc' dir='ltr'><strong><em>τοῖς</em></strong></span> <span class='ocrx_word' id='word_1_162' title='bbox 613 2240 712 2314; x_wconf 87' lang='grc' dir='ltr'><strong><em>ούσίν</em></strong></span> <span class='ocrx_word' id='word_1_163' title='bbox 726 2249 809 2314; x_wconf 80' lang='grc' dir='ltr'><strong><em>ἐστι·</em></strong></span> <span class='ocrx_word' id='word_1_164' title='bbox 830 2261 898 2327; x_wconf 78' lang='grc' dir='ltr'><strong><em>τοῖς</em></strong></span> <span class='ocrx_word' id='word_1_165' title='bbox 915 2245 945 2315; x_wconf 89' lang='grc' dir='ltr'><strong><em>δ’</em></strong></span> <span class='ocrx_word' id='word_1_166' title='bbox 961 2244 1026 2316; x_wconf 78' lang='grc' dir='ltr'><strong><em>οὐκ</em></strong></span> <span class='ocrx_word' id='word_1_167' title='bbox 1037 2239 1114 2316; x_wconf 81' lang='grc' dir='ltr'><strong><em>οὖσι</em></strong></span> 
     </span>
    </p>

    <p class='ocr_par' dir='ltr' id='par_1_8' title="bbox 69 2341 1071 2429">
     <span class='ocr_line' id='line_1_22' title="bbox 69 2341 1071 2429; baseline 0.002 -17"><span class='ocrx_word' id='word_1_168' title='bbox 69 2364 88 2412; x_wconf 86' lang='grc' dir='ltr'><strong><em>Ι)</em></strong></span> <span class='ocrx_word' id='word_1_169' title='bbox 107 2351 176 2420; x_wconf 85' lang='grc' dir='ltr'><strong><em>πώς</em></strong></span> <span class='ocrx_word' id='word_1_170' title='bbox 187 2341 231 2410; x_wconf 83' lang='grc' dir='ltr'><strong><em>ἀν</em></strong></span> <span class='ocrx_word' id='word_1_171' title='bbox 243 2354 309 2429; x_wconf 79' lang='grc' dir='ltr'><strong><em>είης</em></strong></span> <span class='ocrx_word' id='word_1_172' title='bbox 1067 2407 1071 2414; x_wconf 96' lang='grc'>.</span> 
     </span>
    </p>

    <p class='ocr_par' dir='ltr' id='par_1_9' title="bbox 102 2436 1114 3216">
     <span class='ocr_line' id='line_1_23' title="bbox 189 2436 1114 2529; baseline 0.006 -24"><span class='ocrx_word' id='word_1_173' title='bbox 189 2447 256 2515; x_wconf 71' lang='grc' dir='ltr'><strong><em>ΑΞ.</em></strong></span> <span class='ocrx_word' id='word_1_174' title='bbox 279 2438 333 2506; x_wconf 83' lang='grc' dir='ltr'><strong><em>Σύ</em></strong></span> <span class='ocrx_word' id='word_1_175' title='bbox 345 2439 406 2524; x_wconf 76' lang='grc' dir='ltr'><strong><em>μὲν</em></strong></span> <span class='ocrx_word' id='word_1_176' title='bbox 418 2444 453 2507; x_wconf 82' lang='grc' dir='ltr'><strong><em>ἐκ</em></strong></span> <span class='ocrx_word' id='word_1_177' title='bbox 465 2436 837 2524; x_wconf 75' lang='grc' dir='ltr'><strong><em>τῆςέπιπρλαζούσηςτά</em></strong></span> <span class='ocrx_word' id='word_1_178' title='bbox 849 2448 914 2510; x_wconf 81' lang='grc' dir='ltr'><strong><em>νῦν</em></strong></span> <span class='ocrx_word' id='word_1_179' title='bbox 926 2449 1114 2529; x_wconf 85' lang='grc' dir='ltr'><strong><em>λεσχηνείας</em></strong></span> 
     </span>
     <span class='ocr_line' id='line_1_24' title="bbox 105 2534 1114 2627; baseline 0.005 -25"><span class='ocrx_word' id='word_1_180' title='bbox 105 2534 143 2602; x_wconf 90' lang='grc' dir='ltr'><strong><em>τά</em></strong></span> <span class='ocrx_word' id='word_1_181' title='bbox 156 2534 246 2621; x_wconf 81' lang='grc' dir='ltr'><strong><em>σοφά</em></strong></span> <span class='ocrx_word' id='word_1_182' title='bbox 257 2541 360 2605; x_wconf 86' lang='grc' dir='ltr'><strong><em>ταῦτα</em></strong></span> <span class='ocrx_word' id='word_1_183' title='bbox 372 2545 518 2622; x_wconf 87' lang='grc' dir='ltr'><strong><em>είρηκας·</em></strong></span> <span class='ocrx_word' id='word_1_184' title='bbox 541 2540 672 2604; x_wconf 79' lang='grc' dir='ltr'><strong><em>ἐκεῖθεν</em></strong></span> <span class='ocrx_word' id='word_1_185' title='bbox 682 2537 747 2620; x_wconf 85' lang='grc' dir='ltr'><strong><em>χάρ</em></strong></span> <span class='ocrx_word' id='word_1_186' title='bbox 756 2540 848 2605; x_wconf 82' lang='grc' dir='ltr'><strong><em>ἐστιν</em></strong></span> <span class='ocrx_word' id='word_1_187' title='bbox 857 2535 947 2626; x_wconf 80' lang='grc' dir='ltr'><strong><em>ἥδεὴ</em></strong></span> <span class='ocrx_word' id='word_1_188' title='bbox 961 2549 1114 2627; x_wconf 84' lang='grc' dir='ltr'><strong><em>φλυαρο-</em></strong></span> 
     </span>
     <span class='ocr_line' id='line_1_25' title="bbox 104 2630 1114 2724; baseline 0.001 -22"><span class='ocrx_word' id='word_1_189' title='bbox 104 2640 209 2721; x_wconf 85' lang='grc' dir='ltr'><strong><em>λοχία,</em></strong></span> <span class='ocrx_word' id='word_1_190' title='bbox 222 2630 305 2717; x_wconf 80' lang='grc' dir='ltr'><strong><em>πρὸς</em></strong></span> <span class='ocrx_word' id='word_1_191' title='bbox 315 2636 354 2702; x_wconf 86' lang='grc' dir='ltr'><strong><em>τά</em></strong></span> <span class='ocrx_word' id='word_1_192' title='bbox 366 2634 520 2722; x_wconf 89' lang='grc' dir='ltr'><strong><em>μειράκια</em></strong></span> <span class='ocrx_word' id='word_1_193' title='bbox 532 2638 831 2724; x_wconf 82' lang='grc' dir='ltr'><strong><em>διακεκοσμημένη·</em></strong></span> <span class='ocrx_word' id='word_1_194' title='bbox 849 2639 905 2724; x_wconf 74' lang='grc' dir='ltr'><strong><em>ἐμὲ</em></strong></span> <span class='ocrx_word' id='word_1_195' title='bbox 916 2638 951 2706; x_wconf 76' lang='grc' dir='ltr'><strong><em>δὲ</em></strong></span> <span class='ocrx_word' id='word_1_196' title='bbox 962 2634 982 2723; x_wconf 77' lang='grc' dir='ltr'><em>ἡ</em></span> <span class='ocrx_word' id='word_1_197' title='bbox 994 2641 1114 2723; x_wconf 82' lang='grc' dir='ltr'><strong><em>στέρη-</em></strong></span> 
     </span>
     <span class='ocr_line' id='line_1_26' title="bbox 104 2729 1113 2823; baseline 0.001 -22"><span class='ocrx_word' id='word_1_198' title='bbox 104 2754 155 2813; x_wconf 90' lang='grc' dir='ltr'><strong><em>σις</em></strong></span> <span class='ocrx_word' id='word_1_199' title='bbox 165 2741 234 2802; x_wconf 85' lang='grc' dir='ltr'><strong><em>τών</em></strong></span> <span class='ocrx_word' id='word_1_200' title='bbox 245 2731 390 2821; x_wconf 76' lang='grc' dir='ltr'><strong><em>ἀχαθών,</em></strong></span> <span class='ocrx_word' id='word_1_201' title='bbox 397 2740 458 2802; x_wconf 81' lang='grc' dir='ltr'><strong><em>τοῦ</em></strong></span> <span class='ocrx_word' id='word_1_202' title='bbox 470 2739 529 2822; x_wconf 73' lang='grc' dir='ltr'><strong><em>ζῇν</em></strong></span> <span class='ocrx_word' id='word_1_203' title='bbox 534 2742 641 2819; x_wconf 78' lang='grc' dir='ltr'><strong><em>λυπεῖ,</em></strong></span> <span class='ocrx_word' id='word_1_204' title='bbox 648 2729 714 2802; x_wconf 90' lang='grc' dir='ltr'><strong><em>κάν</em></strong></span> <span class='ocrx_word' id='word_1_205' title='bbox 720 2739 971 2823; x_wconf 80' lang='grc' dir='ltr'><strong><em>πιθανωτέρους</em></strong></span> <span class='ocrx_word' id='word_1_206' title='bbox 982 2733 1113 2803; x_wconf 88' lang='grc' dir='ltr'><strong><em>τούτων</em></strong></span> 
     </span>
     <span class='ocr_line' id='line_1_27' title="bbox 103 2826 1113 2922; baseline -0.001 -21"><span class='ocrx_word' id='word_1_207' title='bbox 103 2831 225 2919; x_wconf 80' lang='grc' dir='ltr'><strong><em>λόγους</em></strong></span> <span class='ocrx_word' id='word_1_208' title='bbox 235 2828 278 2900; x_wconf 93' lang='grc' dir='ltr'><strong><em>ἀν</em></strong></span> <span class='ocrx_word' id='word_1_209' title='bbox 288 2834 494 2922; x_wconf 83' lang='grc' dir='ltr'><strong><em>τικροτήσης,</em></strong></span> <span class='ocrx_word' id='word_1_210' title='bbox 503 2826 531 2901; x_wconf 89' lang='grc' dir='ltr'><strong><em>ώ</em></strong></span> <span class='ocrx_word' id='word_1_211' title='bbox 541 2833 728 2921; x_wconf 88' lang='grc' dir='ltr'><strong><em>Σώκρατες.</em></strong></span> <span class='ocrx_word' id='word_1_212' title='bbox 741 2833 804 2903; x_wconf 83' lang='grc' dir='ltr'><strong><em>οὐκ</em></strong></span> <span class='ocrx_word' id='word_1_213' title='bbox 814 2836 919 2903; x_wconf 76' lang='grc' dir='ltr'><strong><em>ἐπαΐει</em></strong></span> <span class='ocrx_word' id='word_1_214' title='bbox 926 2832 990 2920; x_wconf 78' lang='grc' dir='ltr'><strong><em>γάρ</em></strong></span> <span class='ocrx_word' id='word_1_215' title='bbox 1001 2831 1019 2900; x_wconf 90' lang='grc' dir='ltr'>ὁ</span> <span class='ocrx_word' id='word_1_216' title='bbox 1031 2841 1113 2913; x_wconf 78' lang='grc' dir='ltr'><strong><em>νοῦς</em></strong></span> 
     </span>
     <span class='ocr_line' id='line_1_28' title="bbox 102 2930 1111 3020; baseline 0.002 -22"><span class='ocrx_word' id='word_1_217' title='bbox 102 2930 385 3019; x_wconf 77' lang='grc' dir='ltr'><strong><em>ἀποπλανώμενος</em></strong></span> <span class='ocrx_word' id='word_1_218' title='bbox 397 2939 443 3013; x_wconf 88' lang='grc' dir='ltr'><strong><em>είς</em></strong></span> <span class='ocrx_word' id='word_1_219' title='bbox 454 2931 604 3013; x_wconf 81' lang='grc' dir='ltr'><strong><em>εὐεπείας</em></strong></span> <span class='ocrx_word' id='word_1_220' title='bbox 621 2933 743 3020; x_wconf 81' lang='grc' dir='ltr'><strong><em>λόγων,</em></strong></span> <span class='ocrx_word' id='word_1_221' title='bbox 761 2932 841 3001; x_wconf 75' lang='grc' dir='ltr'><strong><em>οὐδὲ</em></strong></span> <span class='ocrx_word' id='word_1_222' title='bbox 855 2930 992 3001; x_wconf 85' lang='grc' dir='ltr'><strong><em>ἀπτεται</em></strong></span> <span class='ocrx_word' id='word_1_223' title='bbox 1007 2941 1111 3000; x_wconf 83' lang='grc' dir='ltr'><strong><em>ταῦτα</em></strong></span> 
     </span>
     <span class='ocr_line' id='line_1_29' title="bbox 102 3027 1112 3120; baseline 0.005 -25"><span class='ocrx_word' id='word_1_224' title='bbox 102 3037 158 3115; x_wconf 78' lang='grc' dir='ltr'><strong><em>τῆς</em></strong></span> <span class='ocrx_word' id='word_1_225' title='bbox 171 3030 357 3117; x_wconf 89' lang='grc' dir='ltr'><strong><em>ὁμοχροίας,</em></strong></span> <span class='ocrx_word' id='word_1_226' title='bbox 368 3029 442 3098; x_wconf 82' lang='grc' dir='ltr'><strong><em>ἀλλ’</em></strong></span> <span class='ocrx_word' id='word_1_227' title='bbox 463 3039 508 3111; x_wconf 90' lang='grc' dir='ltr'><strong><em>είς</em></strong></span> <span class='ocrx_word' id='word_1_228' title='bbox 524 3033 586 3120; x_wconf 70' lang='grc' dir='ltr'><strong><em>μὲν</em></strong></span> <span class='ocrx_word' id='word_1_229' title='bbox 602 3031 739 3119; x_wconf 71' lang='grc' dir='ltr'><strong><em>πομπὴν</em></strong></span> <span class='ocrx_word' id='word_1_230' title='bbox 755 3033 811 3099; x_wconf 87' lang='grc' dir='ltr'><strong><em>καὶ</em></strong></span> <span class='ocrx_word' id='word_1_231' title='bbox 823 3031 979 3118; x_wconf 82' lang='grc' dir='ltr'><strong><em>ῥημάτων</em></strong></span> <span class='ocrx_word' id='word_1_232' title='bbox 994 3027 1112 3114; x_wconf 77' lang='grc' dir='ltr'><strong><em>ἀχλαί-</em></strong></span> 
     </span>
     <span class='ocr_line' id='line_1_30' title="bbox 102 3125 1111 3216; baseline 0.003 -22"><span class='ocrx_word' id='word_1_233' title='bbox 102 3125 188 3213; x_wconf 86' lang='grc' dir='ltr'><strong><em>σμδν</em></strong></span> <span class='ocrx_word' id='word_1_234' title='bbox 205 3126 329 3214; x_wconf 82' lang='grc' dir='ltr'><strong><em>ἀνύτει,</em></strong></span> <span class='ocrx_word' id='word_1_235' title='bbox 346 3135 404 3213; x_wconf 79' lang='grc' dir='ltr'><strong><em>τῆς</em></strong></span> <span class='ocrx_word' id='word_1_236' title='bbox 422 3133 458 3197; x_wconf 79' lang='grc' dir='ltr'><strong><em>δὲ</em></strong></span> <span class='ocrx_word' id='word_1_237' title='bbox 478 3130 637 3216; x_wconf 87' lang='grc' dir='ltr'><strong><em>ἀληθείας</em></strong></span> <span class='ocrx_word' id='word_1_238' title='bbox 652 3129 783 3197; x_wconf 75' lang='grc' dir='ltr'><strong><em>ἀποδεῖ·</em></strong></span> <span class='ocrx_word' id='word_1_239' title='bbox 809 3127 850 3197; x_wconf 83' lang='grc' dir='ltr'><strong><em>τὰ</em></strong></span> <span class='ocrx_word' id='word_1_240' title='bbox 874 3128 910 3198; x_wconf 78' lang='grc' dir='ltr'><strong><em>δὲ</em></strong></span> <span class='ocrx_word' id='word_1_241' title='bbox 929 3127 1111 3215; x_wconf 80' lang='grc' dir='ltr'><strong><em>παθήματα</em></strong></span> 
     </span>
    </p>

    <p class='ocr_par' dir='ltr' id='par_1_10' title="bbox 64 3222 1110 3413">
     <span class='ocr_line' id='line_1_31' title="bbox 64 3222 1110 3315; baseline 0.003 -25"><span class='ocrx_word' id='word_1_242' title='bbox 64 3242 84 3290; x_wconf 76' lang='grc' dir='ltr'>Ε</span> <span class='ocrx_word' id='word_1_243' title='bbox 104 3224 319 3310; x_wconf 80' lang='grc' dir='ltr'><strong><em>σοφισμάτων</em></strong></span> <span class='ocrx_word' id='word_1_244' title='bbox 330 3222 392 3293; x_wconf 86' lang='grc' dir='ltr'><strong><em>οάκ</em></strong></span> <span class='ocrx_word' id='word_1_245' title='bbox 403 3224 562 3313; x_wconf 84' lang='grc' dir='ltr'><strong><em>ἀνέχεται,</em></strong></span> <span class='ocrx_word' id='word_1_246' title='bbox 579 3227 695 3313; x_wconf 80' lang='grc' dir='ltr'><strong><em>μόνοις</em></strong></span> <span class='ocrx_word' id='word_1_247' title='bbox 708 3225 746 3295; x_wconf 66' lang='grc' dir='ltr'><strong><em>δὲ</em></strong></span> <span class='ocrx_word' id='word_1_248' title='bbox 762 3224 909 3315; x_wconf 78' lang='grc' dir='ltr'><strong><em>ἀρκείτω</em></strong></span> <span class='ocrx_word' id='word_1_249' title='bbox 919 3239 987 3305; x_wconf 84' lang='grc' dir='ltr'><strong><em>τοῖς</em></strong></span> <span class='ocrx_word' id='word_1_250' title='bbox 1005 3230 1110 3294; x_wconf 87' lang='grc' dir='ltr'><strong><em>δυνα-</em></strong></span> 
     </span>
     <span class='ocr_line' id='line_1_32' title="bbox 100 3326 616 3413; baseline 0.008 -23"><span class='ocrx_word' id='word_1_251' title='bbox 100 3326 211 3407; x_wconf 79' lang='grc' dir='ltr'><strong><em>μένοις</em></strong></span> <span class='ocrx_word' id='word_1_252' title='bbox 222 3327 424 3394; x_wconf 82' lang='grc' dir='ltr'><strong><em>καθικέσθαι</em></strong></span> <span class='ocrx_word' id='word_1_253' title='bbox 434 3335 491 3412; x_wconf 84' lang='grc' dir='ltr'><strong><em>τῆς</em></strong></span> <span class='ocrx_word' id='word_1_254' title='bbox 501 3332 616 3413; x_wconf 82' lang='grc' dir='ltr'><strong><em>ψυχῆς.</em></strong></span> 
     </span>
    </p>
   </div>
   <div class='ocr_carea' id='block_1_3' title="bbox 0 0 1216 3758">
    <p class='ocr_par' dir='ltr' id='par_1_11' title="bbox 0 0 1216 3758">
     <span class='ocr_line' id='line_1_33' title="bbox 0 0 1216 3758; baseline 0 3"><span class='ocrx_word' id='word_1_255' title='bbox 0 0 1216 3758; x_wconf 95' lang='lat' dir='ltr'><strong><em> </em></strong></span> 
     </span>
    </p>
   </div>
  </div>
 </body>
</html>
