2408 3764
63 228 105 285 5-
302 227 831 292 αιενοιιυυευυυοιικ.
985 218 1096 318 ¹55

66 477 97 553 ξ,
151 398 184 455 Β.
203 386 271 474 λόχε
288 394 386 472 δίκην]
409 386 510 478 κλῆρφ
529 389 588 473 γὰρ
611 393 729 472 εἰσῆγον
748 386 801 467 τὰς
823 396 907 470 δίκας
928 388 969 458 δι’
989 389 1071 459 εότα·

95 500 142 536 αν.
162 482 195 537 R.

151 565 184 621 Β.
206 552 282 622 κατὰ
297 553 353 639 τῆν
368 552 516 639 ὁσιότητα]
534 549 600 619 555
617 562 669 620 τοῦ
680 551 749 638 ὁμοί
748 583 802 639 οος,
816 566 1072 646 παραπλησίως
1036 588 1072 650 τη

66 637 253 792 Μιοῃότίό.
213 649 386 828 (όίρόῖ
305 733 373 828 35]-
371 727 415 788 ἴδε
433 729 496 799 κῶς
513 718 672 787 ὁΠλότων
690 747 725 787 ου
716 717 854 804 δέχεται
863 749 916 814 ττι
917 729 1013 794 θιου
1024 733 1071 796 λέ

65 817 174 893 μεσθαι
188 804 225 871 τό
238 832 320 892 παρα
332 833 392 872 του
404 813 535 911 ποιητῶν
549 802 754 912 μυθευόμενα,
769 804 834 871 οίον
846 755 956 911 ἔχθρας
960 857 970 892 ,
986 817 1071 879 πολέ-

66 918 149 975 μους,
162 895 319 968 συνουσίας
330 885 426 955 καί
393 916 431 955 τα
440 897 569 954 τοιαῦτα.
586 915 603 955 ο
592 885 730 967 ’ὅλος
694 917 752 976 γαρ
763 887 873 1003 σκαιός
883 899 934 974 τῆς
944 903 1072 979 καθεξῆς

66 977 256 1052 ίιαλέξεος
231 999 272 1051 εις
280 999 366 1039 τουτο
378 971 543 1052 σκουίαζει
565 981 631 1039 RS.
1174 990 1177 995 '

151 1066 183 1122 5.
205 1060 253 1123 έτιλ
273 1066 387 1142 σχολῆς]
399 1059 508 1142 έττίτης
517 1082 598 1145 παρα
607 1083 668 1135 τοις
677 1065 796 1136 ττολλοις
806 1055 1002 1144 λεγομένης
972 1085 1071 1127 ευκαι-

85 1147 142 1218 ίας.
162 1149 228 1208 RS

66 1168 84 1228 ρ
147 1235 184 1290 D.
206 1233 287 1303 θεῖα]
299 1252 345 1311 γρ
338 1222 434 1290 καί
418 1245 484 1291 οσια
493 1222 562 1290 οσια
552 1222 659 1289 ἔστιν
674 1232 709 1289 R.

151 1321 168 1378 7
180 1319 212 1374 Β.
234 1305 449 1395 ἆτταλλαγεῖμευ
455 1304 598 1391 Ἀττικόν,
609 1302 631 1393 ῆ
640 1316 775 1398 σνςκοτιῆ
784 1317 837 1375 τοῦ
847 1305 900 1395 ῆῆ
912 1305 988 1376 κατὰ
998 1317 1072 1396 κρᾶ-

67 1413 123 1459 σιν.
141 1402 174 1459 0.

151 1485 211 1545 80.
234 1478 343 1554 055]
353 1464 843 1582 Ἀττικόςότοῶίευκλεουασμός.
856 1486 888 1544 0.

152 1575 186 1626 11
197 1570 229 1625 Β
252 1557 458 1626 Δαιδαλου
411 1608 421 1644 ,
439 1587 478 1637 59
489 1563 582 1642 ἔοικε,
597 1568 657 1625 τῶν
666 1567 717 1663 τῆς
726 1569 816 1645 γονῆς
827 1557 935 1644 ὀχετῶν
945 1557 1070 1667 Συκρρί·

67 1672 118 1750 της
129 1639 283 1731 ἆτιόρροια.
305 1643 398 1749 ταότη
408 1671 458 1727 μοι
470 1649 556 1709 δοκεῖ
561 1640 637 1748 κριτοὶ
647 1670 679 1709 το
667 1639 827 1749 συγγενὲς
837 1648 889 1710 καί
900 1643 1072 1750 λυθοξοῖκῆν

68 1725 228 1795 ἀσκεῖσθαι
244 1710 391 1833 Σωμρότῆ
411 1731 496 1810 τέως,
518 1731 546 1792 εί
559 1755 601 1833 μη
588 1723 801 1834 Ἀρχέλαος’
789 1755 806 1793 ο
828 1725 1029 1838 φιλόσοφος’
1011 1727 1070 1795 απὸ

67 1811 173 1917 ταύτης
193 1808 360 1918 ἆναστῆσας
379 1820 431 1916 τῆς
447 1811 599 1958 τέχνηςὲ
568 1836 620 1876 του
634 1810 730 1920 όνδρα
747 1809 951 1916 φιλοσοφία’
930 1812 1070 1923 ηγόγετρ·

68 1894 290 1982 ἐτεκμήρατο
256 1925 313 2003 γαρ
328 1895 371 1964 τὸ
376 1904 427 1978 τῆς
438 1903 534 1978 ψυχῆς
550 1897 702 1999 ἕντρεχὲς
689 1897 740 1960 καί
748 1877 927 2004 δραστήριόν
939 1899 989 1961 καὶ
998 1893 1072 1983 πρὸς

68 1985 248 2083 φιλοσοφίαν
268 1978 378 2056 ὑπτίους
401 1983 483 2062 ἔχον,
506 1977 550 2056 οίς
565 1975 638 2064 πρὸς
654 1974 722 2054 5559
745 1974 917 2086 ὁμοτέχνους
939 1977 1072 2086 ἀντέλεγε

65 2062 238 2169 στερόμενος
247 2072 307 2128 τῶν
317 2070 444 2146 μισθῶν.
466 2067 613 2138 Δαίδαλος
625 2057 674 2126 5’
670 2055 858 2146 Αθηυαῖος
837 2091 877 2148 ην
887 2072 946 2129 τῶν
956 2066 1072 2130 κῶποτε

67 2144 322 2256 ἀνδριαντοποιῶν
345 2146 601 2250 περιφανέστατος.
639 2153 753 2250 κρῶτρς
779 2149 812 2212 5
834 2151 885 2212 καί
908 2151 1072 2253 κερισκελὲς

66 2232 187 2336 όίχαλμα
199 2228 385 2339 ἐσχημάτισε,
401 2237 461 2295 τῶν
470 2253 528 2315 προ
514 2229 658 2336 έκείυρυ
663 2226 739 2296 κατὰ
750 2226 839 2297 ταότο
827 2227 1071 2338 συμβεβληκότα

66 2341 108 2380 τυ
96 2311 203 2378 πόδε
217 2340 253 2378 τα
242 2313 357 2420 βρέτη
374 2317 462 2402 έργαζ
445 2310 627 2419 ζομέυωυΫ
608 2308 658 2419 αφ’
672 2340 707 2380 ου
694 2307 773 2422 δῆ
778 2312 852 2382 καί
839 2343 856 2381 ο
867 2342 919 2382 του
905 2320 1071 2422 περιιέναι

66 2399 120 2467 καί
141 2396 339 2464 κινεῖσθαι
308 2426 345 2465 τα
360 2396 593 2506 φιλοτεχνήματα
609 2393 702 2465 αότοῶ
718 2396 776 2466 555
794 2410 853 2467 τῶν
868 2395 1014 2467 κολλῶυ’
995 2400 1071 2468 555-

66 2509 161 2548 κειται
176 2479 262 2567 λόγος
278 2478 374 2571 αὐτῷ,
393 2479 428 2550 55
444 2486 549 2549 καὶ
510 2511 568 2549 νυν
579 2481 742 2570 Σωκράτης
758 2491 870 2567 παίζων
880 2481 1072 2572 Βόθόφρονα

109 2567 198 2650 οόχει.
217 2575 249 2632 0.
385 2589 388 2594 ’

66 2592 107 2654 πρ
153 2659 233 2718 15A.
255 2655 305 2717 ίνα
315 2676 369 2737 περ
385 2653 465 2734 δέος,
483 2652 736 2736 ένθακαίαίδῶς,
753 2655 802 2718 ἐπὶ
817 2662 877 2719 τῶν
890 2680 965 2719 κατα
953 2651 1073 2738 φοβον

68 2736 266 2801 έιτιεικῶνἊ
231 2761 355 2840 ειρηται
359 2736 391 2800 5
401 2737 434 2800 έκ
444 2744 503 2800 τῶν
512 2741 661 2803 Στασίνου
671 2741 822 2821 Κυπρίων.
837 2746 903 2803 RS

150 2829 188 2884 A.
209 2813 386 2926 θ’έρξαυτα]
402 2846 448 2905 γρ.
441 2822 511 2884 και
520 2823 601 2905 στ
586 2826 734 2898 §am-R

152 2912 185 2968 D.
207 2900 374 3006 555591559‘
363 2932 379 2970 ο
391 2899 507 2981 σκολιός
517 2929 568 2969 και
559 2847 774 2990 ’ρκολυγόνιος
796 2911 849 2967 τοῦ
860 2899 917 2990 γὰρ
928 2901 1072 3009 τρηῶυου

67 2989 148 3054 ἐστίν
157 2991 221 3093 εἴδη
231 2994 307 3076 τρία,
316 2987 507 3095 ἰσόπλευρον,
520 2990 663 3065 ἰσοσκελές
667 3035 677 3071 ,
689 2984 847 3070 σκαληνόν.
863 2997 897 3052 R.
918 3015 951 3055 το
939 2985 1072 3071 σκαλη-

68 3067 123 3137 νόν
132 3068 191 3159 γὰρ
200 3072 371 3161 τρίμοονόνέ
371 3096 434 3139 στιν
445 3076 578 3158 έκτριῶν
590 3068 702 3138 ἆυίσοιν
711 3078 861 3179 πλευρῶν,
873 3098 904 3137 το
893 3068 949 3139 5
959 3077 1071 3138 ἰσοσκε-

68 3157 115 3233 λὲς
121 3164 275 3261 τρίγωνον
291 3167 351 3225 τῶν
362 3157 416 3224 555
429 3160 484 3241 μέν
493 3161 655 3264 πλευραν”
639 3177 712 3223 ισαν
723 3153 862 3264 όλλῆλριις
874 3153 987 3239 οόσῶν,
1005 3165 1073 3241 μιᾶς

66 3236 164 3307 ῶὲ’ί
111 3269 150 3306 55
150 3247 214 3325 ίσης
224 3253 287 3321 ταῖς
300 3248 396 3309 δυσίν.
417 3245 449 3308 έν
461 3234 552 3321 οἷς
516 3269 571 3310 ουν
581 3239 598 3308 5
609 3239 708 3328 όίρτιος
711 3237 847 3349 όιριθμός
858 3246 898 3318 είς
909 3241 991 3308 555''
974 3263 1025 3307 555
1035 3269 1066 3320 99

68 3325 258 3409 τέμνεται,
239 3355 279 3404 59
292 3325 308 3395 5
321 3322 400 3438 όκτῆ
423 3325 545 3415 φέρε,’
532 3355 547 3395 ο
563 3329 595 3393 5
594 3324 739 3433 περιττός
752 3333 802 3432 είς
808 3324 898 3431 δόρ”
878 3349 980 3409 ανισα,
1006 3323 1073 3405 595

66 3413 200 3555 πέιΡχτηί
174 3435 187 3475 ε
200 3408 291 3559 κόρρης
300 3409 353 3479 τόν
362 3415 417 3497 μὲν
427 3408 625 3499 ίσοσκελῆτὸν
636 3414 670 3482 5
680 3406 831 3499 σναλυμόν
841 3406 1039 3562 όρρρρόισθαι.
1029 3417 1093 3471 ὣ.

124 3515 204 3558 mo
