2408 3764
129 206 181 271 ἰο
485 204 804 291 κατετοκαγ.

138 361 268 459 κνίηι,
241 396 290 438 ων
302 369 342 456 66
358 359 547 437 παντάπασι
563 378 654 458 χρεία
671 386 739 452 τοῖς
753 380 840 441 νοῦν
855 377 911 442 καί
927 376 1072 462 σμικρόν
1088 400 1171 448 κε-

137 478 309 555 κτημενοις
319 471 476 552 μέλλουσι
486 471 561 554 περὶ
571 467 742 538 τοσοντων
752 492 816 537 οσα
826 497 880 556 ην
877 497 955 539 τοτε
965 498 1005 541 τα
1014 473 1058 542 σά
1066 483 1145 562 βον-

137 567 306 650 λεόεσθαι,
319 571 383 631 σοῦ
395 561 461 633 66’'
442 590 538 644 οντος
549 565 611 652 μὲν
623 567 807 655 σφόδρα’
767 595 857 655 νεου,
866 578 989 657 πολλῆς
1001 570 1069 640 66’
1048 599 1146 642 αττει-

138 667 215 746 ρίας
226 659 329 747 οὔσης
339 662 414 745 περὶ
430 661 467 729 66
483 662 622 750 τούτων,
639 656 689 732 ῶν
704 669 861 750 ἔμπειρον
876 671 943 734 ἔθει
957 674 1143 758 γεγονέναι,

99 782 120 831 1)
140 760 196 827 καὶ
210 755 379 876 ‹566666'
359 768 506 843 αγνῶτος
523 764 601 846 ἐμοί.
620 761 658 828 τό
671 760 752 848 μετὰ
768 769 868 831 τοῦτο
885 761 943 830 εἴτ’
962 765 1145 852 ἅνθρωπος

136 865 200 924 εἴτε
210 848 362 934 θεὸςείτε
373 857 455 980 τόχη
466 885 515 936 τις
526 856 607 943 μετά
624 879 687 925 σου
674 867 813 928 Δίωνα
830 861 970 948 ἐξέβαλε,
988 890 1044 932 και
1033 867 1145 933 ἐλεί-

137 963 230 1040 φθης
240 954 352 1040 μόνος.
375 946 432 1038 ἀρ’
445 948 509 1022 οάν
526 964 588 1023 οῖει
604 981 661 1040 μοι
681 958 755 1025 τότε
771 965 952 1027 πολιτικῶν
968 959 1055 1028 εἶναι
1070 989 1143 1030 κοι-

135 1060 262 1124 νωνίαν
274 1051 357 1139 πρὸς
367 1055 414 1136 σε’,
426 1051 487 1119 τὸν
497 1054 559 1138 μὲν
569 1057 721 1139 ἔμφρονα
731 1055 896 1125 κοινωνόν
906 1055 1139 1145 ἀπολωλεκότι,

135 1157 195 1224 τὸν
209 1154 278 1224 66''
256 1175 390 1240 αφρονα
401 1147 522 1235 ὁρῶντι
533 1149 615 1236 μετὰ
626 1161 784 1238 πονηρῶν
793 1157 848 1222 καί
859 1163 992 1224 πολλῶν
1003 1154 1138 1245 ἀνθρῶ-

135 1277 209 1320 πων
223 1251 528 1335 καταλελειμμένον,
541 1246 604 1317 οὐκ
620 1249 775 1336 ἀρχοντα,
794 1251 949 1338 ίοόμενον
965 1251 1039 1320 6'''
1016 1281 1140 1342 αρχειν,

135 1348 202 1416 ἀπο
192 1340 259 1414 66
275 1346 438 1414 τοιούτων
453 1345 688 1470 ἀνθρώπων’
669 1348 864 1436 αρχόμενον,
881 1355 919 1419 ἐν
935 1347 984 1429 οἷς
1003 1360 1039 1418 τί
1054 1362 1141 1440 χρῆν

136 1458 244 1513 ποιεῖν
254 1448 327 1531 ἐμός
339 1453 413 1533 μῶν
424 1444 484 1533 οόχ
495 1446 577 1531 ὅπερ
588 1446 754 1516 ἐποίονν’
735 1463 927 1551 αναγκαῖον,
938 1453 975 1516 ἐκ
988 1456 1055 1516 τῶν
1065 1454 1140 1518 λοι-

98 1563 118 1612 Ε
136 1550 212 1611 πῶν
227 1543 268 1611 τά
286 1543 348 1630 μὲν
364 1543 588 1614 πολιτικάί
530 1573 572 1633 χα
573 1553 659 1634 ίρειν
673 1550 745 1637 ἐᾷν,
762 1541 1011 1633 εὐλαβούμενον
1026 1545 1083 1626 τὰς
1100 1552 1138 1615 ἐκ

121 1648 203 1733 Ιτῶν
215 1642 360 1728 φθόνων
375 1642 574 1730 διαβολάς,
554 1671 641 1731 νμας
652 1646 688 1715 6
672 1645 840 1731 ὲπάντως,
852 1652 970 1728 καίπερ
987 1643 1139 1732 ἀλλήλων

134 1742 233 1826 χωρὶς
247 1742 426 1826 γεγονότας
437 1769 492 1810 και
481 1742 723 1829 θιαφόροος”
705 1770 812 1827 οντας,
827 1750 1009 1863 πειράσθμι
1019 1750 1138 1827 φίλονς

133 1839 320 1926 ἀλλήλοις”
299 1869 317 1909 ο
329 1869 361 1908 τι
372 1841 512 1962 μάλιστα
522 1857 643 1923 ποιεῖν;
661 1844 791 1911 τούτων
809 1840 922 1928 δήκαὶ
940 1840 982 1908 σά
1000 1840 1138 1928 μάρτνς,

132 1936 184 2006 ότι
195 1947 293 2006 τοῦτο
305 1936 386 2007 αάτο
376 1939 638 2019 ξυντείνων’
600 1968 663 2009 ονκ
679 1940 788 2029 ἀνῆκα
803 1941 950 2008 πῶποτε·
973 1943 1028 2008 καὶ
1044 1940 1141 2026 μόγις

133 2040 205 2124 μέν,
222 2063 312 2124 ομως
330 2037 362 2104 6
386 2034 585 2126 ὡμολογήθη
609 2045 681 2106 νῶν
697 2045 838 2107 πλεῦσαι
853 2041 915 2124 μὲν
937 2042 1050 2106 οῖκαάε
1072 2041 1138 2123 ἐμέ,

63 2150 115 2206 317
135 2135 246 2222 ἐπειδὴ
266 2133 444 2221 πόλεμος
423 2145 511 2221 νμάς
526 2152 683 2224 κατεῖχεν,
705 2136 836 2223 ίρηνης
851 2132 883 2202 6
900 2127 945 2202 αὖ
960 2140 1141 2222 γενομένης

133 2238 246 2301 ἐλθεῖν
264 2235 322 2318 ἐμέ
341 2258 377 2300 τε
399 2236 455 2302 καὶ
473 2239 589 2302 Δίωνα
611 2234 899 2318 είςΣνρακοόσας,
916 2231 951 2296 σὲ
971 2228 1007 2296 66
1023 2236 1140 2296 καλεῖν

132 2329 228 2416 ήμᾶς.
250 2333 306 2398 καὶ
322 2339 427 2400 ταῦτα
443 2358 505 2418 μεν
526 2331 631 2410 οὕτως
648 2332 776 2415 ἐγένετο
793 2336 850 2413 τῆς
869 2329 947 2412 ἐμῆς
964 2331 1009 2404 είς
1019 2335 1139 2411 Συρα-

35 2516 36 2523 ¹
132 2428 257 2509 κοόσας
268 2427 451 2550 ἀποδημίας
461 2435 535 2514 πέρι
546 2439 603 2516 τῆς
621 2428 753 2515 πρῶτης
768 2430 892 2514 καὶτῆς
908 2424 1010 2496 πόλιν
1025 2432 1139 2504 οἴκαδε
1171 2461 1176 2471 =

132 2533 308 2614 σωτηρίας
331 2527 368 2597 τό
387 2529 423 2596 66
440 2528 597 2612 δεύτερον
614 2526 746 2642 εἰρήνης
761 2527 941 2611 γενομένης
956 2522 1081 2602 ίκάλεις
1097 2551 1157 2609 με,

132 2624 175 2696 οά
196 2624 279 2694 κατὰ
302 2624 361 2706 τάς
381 2624 566 2712 ὁμολογίας,
586 2622 669 2693 ἀλλά
692 2623 800 2719 μόνον
820 2621 916 2709 ήκειν
937 2625 1136 2706 ἐπέστελλες,

130 2732 248 2796 Διωνα
268 2722 301 2793 6
319 2730 471 2803 εἰσαῦθις
491 2727 624 2809 ἔφησθα
647 2723 931 2808 μεταπέμψασθαι.
956 2718 1010 2785 θιά
1032 2726 1136 2786 ταῦτα

132 2822 194 2892 οὐκ
215 2815 334 2911 ήλθον,
356 2821 440 2891 ἀλλά
457 2848 512 2890 και
501 2824 634 2889 Διωνι
649 2819 706 2890 τότ
710 2818 987 2907 ’ἀπηχθόμην
974 2816 1055 2885 ῶετο
1072 2815 1137 2933 γὰρ

96 2931 115 2979 Β
133 2920 217 2988 εἶναι
233 2925 363 3007 βέλτιον
379 2923 525 2990 ἐλθεῖν’
498 2920 564 3006 εμὲ
581 2946 636 2988 και
624 2916 843 2988 Ιὑπακοῦσαί
857 2936 920 2981 σοι.
947 2912 984 2982 τό
1005 2917 1041 2982 66
1055 2911 1137 3000 μετά

131 3027 236 3087 ταῦτα
257 3016 400 3104 ὕστερον
406 2996 561 3108 ἐνιαντῶ
579 3017 713 3105 τριήρης
732 3016 869 3099 ἀφίκετο
892 3014 948 3081 καί
969 3015 1136 3081 ἐπιστολαὶ

132 3112 222 3200 παρά
240 3123 313 3199 σοῦ,
332 3123 400 3182 τῶν
417 3115 449 3182 6
470 3120 506 3183 ἐν
523 3130 593 3194 ταῖς
608 3118 793 3189 ἐπιστολαῖς
810 3104 1135 3231 γραμμάτωνήρχεν,

133 3208 186 3298 ῶς,
205 3208 249 3278 ἀν
272 3209 450 3297 ἀφίκωμαι,
471 3213 511 3279 τά
533 3211 665 3289 Δίωνός
686 3235 743 3295 μοι
763 3208 936 3296 γενήσοιτο
958 3210 1136 3293 πράγματα

124 3311 240 3379 ’πάντα
253 3307 335 3377 κατά
349 3316 435 3377 νοῦν
445 3307 505 3378 τόν
521 3311 613 3397 ἐμόν,
631 3335 676 3395 μη
663 3306 898 3393 ἀφικομένου
914 3310 950 3374 66
967 3305 1135 3383 τάναντία.

70 3408 329 3544 ὲψχάνομαι
341 3406 383 3495 66
396 3408 515 3496 λέγειν,
528 3408 604 3477 ὅσαι
618 3409 692 3506 τότε
711 3406 876 3477 ἐπιστολαὶ
892 3402 982 3493 παρὰ
1000 3411 1064 3473 σὀῦ
1080 3405 1136 3471 καὶ
