2408 3764
17 179 24 191 ι
129 155 192 218 148
232 159 234 162 ·
299 120 304 129 ’
511 154 743 213 Ακοιαον
1118 160 1136 214 ι

127 315 185 399 ύλη
196 316 393 418 ὑποβέβληται
409 320 468 376 τῶν
482 279 604 394 μύθων,
621 311 712 389 οὕτως
726 342 766 398 τῳ
753 310 942 416 διαλόγῳ
927 342 947 396 η
964 311 1134 421 φιλόσοφος,

128 394 309 465 τουτέστι
278 427 314 464 τα
332 392 407 482 πρδς
424 400 612 478 φιλοσοφίαν.
634 393 666 461 κδ
683 396 722 462 δὲ
731 393 802 480 μετά
817 405 868 479 τῆς
874 395 1049 500 πρεπούσης
1064 396 1136 479 ἠθο-

67 511 69 519 *
127 491 226 561 ποιΐας
240 491 298 548 τῶν
308 483 622 588 παραλαμβανομένων
629 481 805 565 προσωπων
818 478 928 545 *διότι*
940 479 1094 564 διαφόρων
1106 483 1136 546 έν

126 577 188 644 τοῖς
202 565 315 670 λόγοις
314 564 408 630 όντων
421 563 473 629 τὸν
487 570 569 647 βίον,
585 572 645 643 τῶν
659 565 713 669 μέγ
728 564 911 646 φιλοσόφων,
928 573 988 673 τῶγ
1004 567 1036 630 66
1050 586 1134 646 σοφι-

128 659 244 727 στικῶν,
259 676 295 714 τα
283 646 403 713 οίκεῑα
417 645 486 751 ἤθη
496 653 546 712 δεῖ
558 638 672 736 ἑκάστῳ
687 643 872 752 ιἰνριτιθέναι,
888 656 930 737 τῷ
943 650 997 730 μὲν
1013 647 1135 729 φιλοσό-

128 762 177 823 φφ
191 731 224 799 τό
239 741 377 838 γενναῖον
391 728 486 796 καί
457 758 489 797 το
509 729 624 835 διπλοῦν
638 714 732 796 καί
704 759 736 798 το
752 712 929 835 φιλάληθες,
946 735 1035 818 τῷδέ
1050 755 1134 814 σοφι

128 826 219 903 στικῷ
232 843 265 882 το
254 813 414 919 πρικίλον
428 818 479 879 καὶ
493 812 526 879 τδ
539 820 722 919 παλίμβολον
736 819 787 880 καὶ
806 840 838 924 ρο
829 796 1025 919 φιλόδοξον,
1047 843 1088 902 τῳ
1075 818 1142 880 66

127 906 267 986 ἰδιωτικῷ
287 925 319 964 το
308 896 453 964 οἰκεῖον.
477 901 533 962 ἐπὶ
544 897 658 1002 τούτοις
679 903 763 1007 φησὶ
767 902 818 964 καὶ
832 906 884 981 669
898 894 973 962 κατὰ
988 896 1043 982 την
1059 903 1134 978 λέξιν
1173 902 1176 917 “

127 966 322 1087 καταοκέυῆς·
344 986 396 1047 καὶ
416 980 496 1063 μάλα
510 980 687 1058 εἰκότως·τ
668 1010 707 1058 ως
720 980 786 1090 γάρ
806 991 842 1070 τῇ
863 988 1015 1087 τραγῳδία
1035 987 1086 1047 καὶ
1099 991 1134 1070 τῇ

126 1063 309 1172 κωμφδίφ
281 1093 314 1132 το
330 1071 438 1132 οίκεῖον
451 1067 557 1150 μέτρον
577 1071 625 1130 δεῖ
641 1076 780 1168 παρεῖναι
794 1069 844 1169 καί
855 1093 891 1154 τη
877 1047 1043 1174 λεγομένη
1057 1047 1133 1131 ἱστό-

127 1148 219 1237 ρία
191 1179 223 1218 το
238 1149 373 1233 πλάσμα,
395 1146 489 1225 ούτως
509 1151 560 1213 καὶ
580 1156 623 1236 τῷ
645 1146 825 1257 διαλόγῳ
794 1177 849 1232 την
865 1155 976 1215 οἰκείαν
991 1152 1069 1228 λέξιν
1085 1153 1135 1253 καί

126 1217 284 1312 σύνθεσιν,
307 1238 431 1317 ἔχουσαν
452 1229 486 1299 τὸ
498 1213 646 1312 Ἀττικόν,
667 1229 699 1299 τδ
722 1234 843 1338 εύχαρι,
860 1229 892 1298 τὸ
906 1229 1078 1319 άπέριττον,
1100 1229 1131 1299 τό

126 1315 268 1394 άνενδεές.
290 1321 316 1380 εί
330 1321 363 1381 δέ
374 1343 418 1392 τις
436 1316 590 1423 λεγόμενος
592 1316 690 1424 λόγος
703 1314 745 1400 66
759 1315 897 1401 καθάπερ
913 1316 997 1383 εἶπον
1011 1323 1133 1422 εἰδοποι-

127 1403 267 1504 ρόμενος,
284 1393 345 1463 ἄλλ’
363 1397 508 1502 ἐνδεὴς“
484 1427 527 1464 ων
549 1401 662 1504 τρύτων
673 1407 788 1505 λέγοιτο
804 1397 880 1466 εἶναι
901 1400 1052 1506 διάλογος,
1077 1397 1133 1467 ούκ

126 1482 226 1585 ὀρθφς
247 1479 286 1545 άν
305 1484 426 1564 λέγοιτο.
454 1480 530 1584 οὕτω
549 1481 582 1547 τὸ
603 1481 685 1588 παρά
705 1490 838 1551 Θουκυδί
837 1492 875 1587 δη
894 1483 1050 1590 λεγόμενογ
1064 1494 1134 1565 [των

125 1565 321 1669 δυνάμεων]ε·
308 1561 513 1630 εἰδοποιεῖν
463 1592 537 1668 την
556 1566 686 1672 ἰδιότητα
701 1577 761 1632 τῶν
777 1551 923 1653 διαλόγων
944 1566 980 1673 66
999 1569 1131 1674 φήσομεν

126 1649 203 1715 εἶναι
225 1647 379 1752 διάλογον,
401 1643 476 1713 άλλδι
490 1657 612 1758 μάλλον
626 1650 680 1717 δύο
696 1657 875 1736 δημηγορίας
890 1679 944 1717 κατ
968 1653 1133 1737 ἐνθύμησιν

126 1728 309 1816 άλληλαις
275 1736 570 1841 αντιγεγραμμένας.
799 1795 802 1800 .

209 1828 256 1883 ΙΗ.
275 1811 414 1883 Ἐπεί
376 1844 432 1883 ουν
452 1845 468 1923 6
460 1818 517 1882 ’τί
531 1843 604 1885 ποτε
598 1816 729 1885 ἐστινὸ
747 1822 885 1921 διάλογος
898 1821 1131 1922 τεθεωρήκαμεν,

125 1905 240 1986 περί
204 1929 256 1984 της
271 1897 468 1987 διαφοράς’
432 1911 524 1967 αυτοῦ
538 1911 591 1968 τοῦ
605 1899 680 1968 κατά
696 1901 846 1967 Πλάτωνα
861 1900 1000 2004 διαλόγου
1014 1909 1132 2018 ἔδωμεν,

124 1989 253 2050 τουτέστι
273 1989 339 2070 περί
353 1995 412 2051 τῶν
425 1984 634 2096 χαρακτήρων,
650 1985 737 2051 πόσοι
750 2013 790 2050 τε
774 1989 869 2089 ἐίσιγ
884 1980 944 2049 οῖ’
927 1986 1068 2052 ανωτάτω
1082 1994 1134 2056 καὶ

124 2068 212 2134 πόσοι
237 2071 357 2135 ἐκείνων
381 2068 638 2220 δποδιομρεθέντες
658 2075 698 2147 είς
718 2067 787 2147 τούς
810 2065 936 2174 άτόμους
963 2068 1132 2175 έστηβαντο.

124 2157 192 2239 περὶ
211 2155 265 2259 μέν
284 2145 340 2218 ούν
358 2154 552 2261 χαρακτήρων
573 2157 606 2220 έν
625 2164 686 2250 τοῖς
690 2157 773 2304 ἐέξης
792 2152 950 2218 τελεώτατα
972 2149 1042 2235 μετά
1058 2152 1132 2259 666

124 2245 242 2344 γραφῆς
258 2237 408 2344 εἰρήσεται,
426 2241 580 2342 ένβαδεδέ
582 2241 730 2346 γνωστ
703 2265 739 2304 ον
748 2246 887 2303 τοσοῦτον
898 2240 966 2321 περὶ
978 2245 1038 2302 τῶν
1053 2234 1131 2304 άνω-

124 2322 202 2386 τάτω
221 2321 428 2426 χαρακτήρορν,
450 2322 495 2388 ότι
510 2320 591 2388 δύο’
579 2350 683 2426 οντων,
701 2320 887 2405 ύφηγητικοῦ
902 2324 953 2386 καί
968 2329 1130 2404 ζητητικοῦ,

124 2430 140 2468 ο
129 2401 246 2508 ‘666‘
231 2402 414 2510 νφηγητικδς
434 2405 578 2511 ἥρμοστμι
592 2403 667 2492 πρός
684 2409 878 2509 διδαμκαλίριν
892 2433 943 2470 και
934 2409 1067 2490 πρᾶξιν
1081 2410 1132 2516 καί

125 2483 185 2590 666
187 2490 276 2564 δειξιν
296 2496 349 2551 τοῦ
369 2484 516 2570 άληθοῦς,
541 2487 557 2554 6
580 2493 613 2555 66
633 2481 782 2593 ζητητικός
800 2485 874 2574 πρὸς
894 2496 1062 2598 γυμνασίαν
1081 2494 1132 2594 κριὶ

126 2566 229 2677 άγῶνα
245 2572 297 2634 καί
316 2573 434 2674 ἔλεγχον
453 2581 506 2637 τού
526 2572 672 2653 ψεύδους
699 2572 788 2638 κάλ’
772 2600 817 2639 οτι
837 2599 852 2638 ο
875 2575 929 2678 μέν
947 2570 1131 2678 ὑφηγητικὸς

125 2663 185 2720 τῶν
202 2653 384 2760 πραγμάτων
406 2654 584 2759 στοχάζεται,
614 2655 630 2722 6
653 2659 685 2723 66
697 2660 854 2766 ζητητικὸς
874 2685 933 2723 των
955 2656 1129 2742 προσοίκων.

125 2747 184 2804 τῶν
203 2729 313 2820 μέν
277 2766 332 2804 ουν
351 2738 512 2843 Πλάτωνος
531 2739 705 2846 διαλόγων
690 2741 905 2827 υπάγονται
876 2769 916 2806 τω
939 2743 991 2823 μὲν
1011 2750 1130 2844 φυσικῷ

125 2819 294 2926 δΤίμφιος,
317 2849 357 2909 τῳ
345 2826 405 2889 66
424 2818 558 2909 ἦθικφ
543 2851 563 2929 η
577 2821 747 2929 Ἀπφλογία,
769 2835 811 2915 τῷ
832 2828 865 2891 δὲ
879 2807 989 2934 λόγικῷ
1008 2807 1129 2909 Θεάγης,

125 2904 284 3009 Κρατύλος,
300 2888 405 2985 Λύσις,
421 2907 580 3012 Σοφιστάς,
592 2909 706 3016 Λάχης,
719 2893 892 2985 Πολίτικός,
904 2936 945 2995 τῳ
934 2892 991 2973 66
1006 2913 1128 2991 ἐλεγκτι-

126 3014 170 3074 κφ
157 2995 383 3073 Παρμενίδης,
406 2992 622 3099 Πρωταγόρας·
644 3022 686 3081 τφ
673 2998 733 3061 66
752 3000 893 3075 πολιτικῷ
914 2997 1042 3094 Κρίτων,
1066 2999 1129 3056 Πο-

125 3075 222 3149 λιτεία,
241 3077 371 3151 Φαίδων,
388 3081 504 3153 Μίνως,
516 3060 696 3160 Συμπόσιον,
713 3077 819 3160 Νόμοι,
829 3056 1002 3150 Ἐπιστολαί,
1016 3070 1129 3140 Εκτινο·

124 3160 181 3236 μίς,
203 3159 375 3236 Μενέξενος,
399 3168 583 3241 Κλειτοφων,
603 3167 745 3266 Φίληβος·
767 3162 855 3246 τφδέ
869 3168 1047 3263 πειραστικηι
1065 3156 1128 3225 Εύ-

123 3237 262 3345 θάφρωγ,
275 3245 397 3321 Μένων,
405 3243 481 3320 ’,Ίων
495 3250 657 3350 Χαρμίδης·
669 3247 754 3331 τφδι
765 3268 922 3329 μαιευτικω
910 3224 1128 3329 Ἁλκιβιάδης,

124 3347 165 3410 τφ
181 3320 243 3389 δέ’
227 3336 427 3415 ανατρεπτικτβ
437 3325 560 3414 Ιππίας,
577 3311 769 3411 Εὐθύδημος,
788 3331 924 3411 Γοργίας.
