2408 3764
123 183 167 251 ⁴4
473 133 744 247 ΕΠΙΣΤΟΔΗ
760 172 794 254 ἴ.

124 345 187 432 μὲν
206 340 248 430 δη
267 345 486 432 πεπραγμένα
503 344 599 431 μέχρι
616 341 741 411 τούτου
758 339 855 412 ταῦτ’
874 334 919 428 ἦν
935 345 974 411 ἐν
991 340 1039 433 τῷ
1060 342 1138 415 τόνε

124 442 248 531 χρόνῳ,
270 442 403 511 τούτων
424 439 462 511 δὲ
484 438 575 511 ούτω
604 441 798 528 γενομένων
821 441 984 529 ἑωράκειν
1010 467 1047 510 τε
1070 441 1137 530 ἐγώ

125 539 274 628 ἀκριβῶς
284 537 347 626 τὴν
358 542 544 627 ἐπιθυμίαν
555 544 614 624 τῆς
624 544 814 609 Διονυσίου
824 544 1040 627 φιλοσοφίας,
1051 537 1139 627 άγα-

123 653 260 708 νακτείν
270 664 307 707 τε
318 640 396 725 ἐξῆν
407 646 473 707 είτε
485 641 672 725 βουλοίμην
684 636 813 724 είτεμη.
824 630 868 725 ἦν
880 636 944 726 γάρ
955 641 1061 728 δέρος
1072 638 1139 728 ἤδη

125 736 201 806 τότε
212 737 268 804 καί
280 740 397 806 έκπλοι
408 743 477 806 των
488 741 595 805 νεῶν·
616 736 727 804 ἐδόκει
739 734 782 822 δίη
793 743 1007 821 χαλεπαίνειν
1018 740 1082 825 μὲν
1095 738 1137 809 ού

125 834 202 905 δεῖν’
210 835 267 923 ἐμὲ
277 842 453 927 Διονυσίῳ
464 841 594 923 μάλλον
604 830 626 920 ἢ
637 837 771 926 έμαυτῳῖ
781 861 817 904 τε
828 836 885 903 καί
895 849 965 916 τοῖς
975 839 1139 926 βιασαμέ-

90 962 112 1012 3
126 962 200 1016 νοις
214 938 329 1005 ἐλθεῖν
342 939 399 1024 ἐμὲ
410 934 516 1003 τόί
459 960 499 1020 τρ
501 939 573 1001 ίτον
589 938 636 1012 είς
653 933 714 1003 τὸν
724 932 886 1023 ’πορθμὸν
902 935 964 1003 τὸν
981 939 1059 1027 περὶ
1075 938 1138 1023 τὴν

127 1033 298 1157 Σκύλλαν,

126 1236 237 1319 λέγειν
248 1233 286 1299 δὲ
298 1253 384 1316 προς
393 1223 637 1313 Διονυσιον,
616 1252 669 1294 οτι
687 1252 744 1314 μοι
761 1228 878 1314 μένειν
896 1167 1068 1297 ἀδύνατον
1085 1237 1138 1317 εἴη

125 1334 259 1406 Δίωνος
270 1323 361 1393 ούτω
374 1328 747 1413 προπεπηλακισμένου.
769 1318 840 1394 666
857 1328 1087 1416 παρεμυθεῖτό
1103 1353 1139 1396 τε

126 1429 184 1494 καί
195 1429 301 1492 ἐδεῖτο
313 1420 494 1511 μένειν,’
452 1449 518 1492 ουκ
530 1422 686 1511 οίόμευός
698 1429 734 1494 οί
741 1431 854 1507 καλῶς
865 1430 954 1512 ἔχειν
964 1421 1057 1512 &W
1033 1451 1139 1511 αγγε-

126 1532 189 1593 λον
200 1521 309 1591 αύτὸν
322 1549 392 1591 των
410 1522 742 1592 τοιούτωνέλδεῑν”
720 1551 739 1593 ο
758 1550 791 1592 τι
804 1524 920 1611 τάχος·
944 1551 986 1594 ον
976 1519 1139 1593 ’πείθων

58 1643 119 1700 346
129 1620 167 1690 δὲ
183 1619 287 1703 αύτύς
307 1648 365 1710 μοι
387 1621 527 1710 πομπὴν
543 1622 816 1711 παρασκευάσειν
833 1628 909 1712 έφη.
931 1621 1054 1710 έγοὶ
1015 1649 1080 1711 γαρ
1101 1626 1139 1693 ἐν

69 1730 196 1802 ’τοῖς
206 1717 410 1803 ἀποστόλοις
421 1728 551 1805 πλοίοις
568 1723 671 1813 ἐμβάς
682 1723 889 1810 διενοούμην
907 1732 1015 1811 πλείν,
1032 1733 1141 1793 τεθν-

127 1824 280 1941 μερμέυος
292 1823 434 1911 πάσχειν
444 1825 649 1912 τεοίόμενος
653 1828 736 1912 δειν,
750 1828 781 1891 εί
791 1821 1083 1912 διακωλυοίμην,
1067 1849 1141 1893 οτι·

127 1927 203 2008 οὖν,
226 1924 343 2010 ἐπειδη
362 1947 560 2012 περιφανως
576 1923 721 2012 ἠδίκουν
734 1925 797 2009 μὲν
815 1921 929 2010 ούδέν,
947 1922 1140 2012 ἠδικούμην

127 2022 180 2086 δέ·
204 2015 222 2086 6
235 2018 273 2087 δέ
285 2018 389 2089 οὐδέν
399 2048 441 2108 με
451 2029 515 2092 κού
526 2024 726 2109 καταμένειν
735 2023 960 2109 προσιέμενον
971 2019 1065 2110 ὀροῖν
1075 2048 1140 2110 μη-

126 2118 236 2207 χανὴν
251 2125 315 2188 τοῦ
336 2132 448 2207 μεῖναι
465 2119 526 2189 τὸν
543 2121 619 2190 τότε
636 2124 785 2188 έκπλονν
800 2126 986 2207 μηχανᾶται
1003 2121 1139 2191 τοιάνδε

92 2219 99 2259 ’·
125 2219 212 2299 τινάἸ
235 2226 276 2310 τῇ
287 2219 371 2307 μετὰ
381 2226 488 2288 ταῦτα
499 2217 613 2288 έλδων
623 2217 732 2308 ἡμέρα
742 2222 833 2306 λέγει
844 2219 929 2305 πρός
940 2245 982 2305 με
989 2220 1139 2290 πιθανὸν

127 2317 246 2402 λόγον·
269 2322 343 2406 έμοί
360 2323 417 2388 καὶ
427 2322 483 2388 σοὶ
492 2326 599 2403 Δίων,
611 2322 689 2404 ἔφη,
700 2319 757 2385 καί
774 2315 815 2383 τά
831 2321 965 2397 Δίωνος
983 2316 1140 2388 ἐκποδὼν

92 2428 113 2477 Β
131 2413 379 2504 ἀπαλλαχθήτω
389 2426 451 2485 τοῦ
462 2420 539 2504 περὶ
551 2413 637 2483 αύτὰ
647 2413 809 2494 πολλάκις
815 2418 1050 2504 διαφέρεσθαι·
1063 2443 1141 2488 ποι-

128 2513 199 2602 ήσω
211 2513 277 2602 γάρ
295 2515 352 2582 διὰ
370 2521 417 2602 σέ,
431 2520 508 2601 ἔφη,
521 2520 631 2582 Δίωνι
647 2513 738 2582 τάδε.
754 2511 843 2594 ,ἀξιῶ
860 2518 992 2587 ἐκείνου
1011 2517 1141 2587 άπολα-

115 2613 235 2703 ,βάντα
248 2611 289 2682 τά
302 2613 429 2681 ἑαυτοῦ
439 2619 545 2682 οίκείυ
552 2613 616 2698 μὲν
626 2613 664 2680 έν
674 2616 938 2708 Πελοποννήσῳ,
950 2620 996 2706 μὴ
1012 2614 1058 2694 ὥς
1069 2641 1139 2698 φυ-

129 2717 217 2803 γάδα
225 2720 278 2805 δέ,
291 2712 367 2784 ἀλλ’
377 2711 427 2795 ὡς
445 2711 607 2805 αὐτῷκαὶ
624 2717 727 2799 δεῦρο
746 2713 824 2796 έξδν
840 2713 1038 2802 ἀποδημεῖν,
1056 2711 1155 2820 ὅτανὶ

130 2817 247 2908 ἐκείνῳ
258 2842 295 2886 τε
306 2818 362 2884 καλ
379 2816 454 2902 ἐμοὶ
469 2817 527 2882 καί
541 2811 625 2901 ύμῖν
641 2827 710 2895 τοῖς
727 2821 840 2904 φίλοις
856 2820 955 2901 κοινῇ
973 2813 1138 2899 ξυνδοκῇ·

129 2921 236 2984 ταῦτα
250 2913 283 2983 δ’
299 2912 386 2983 εἶναι
397 2911 444 3001 μὴ
462 2914 851 3041 έπιβουλεύορκος-έμοί·
871 2909 1005 2978 τούτων
1026 2909 1064 2976 δὲ
1082 2911 1139 3034 ἐγ-
1189 2997 1190 3002 ¹

131 3016 256 3103 γυητάς
267 3012 447 3103 γίγνεσθαι
456 3019 498 3086 σέ
507 3044 544 3087 τε
554 3020 610 3087 καὶ
627 3017 708 3098 τὀύς
724 3014 808 3094 σούς
824 3016 971 3094 οίκείους
986 3013 1042 3080 καὶ
1058 3013 1140 3093 τούς

130 3115 256 3183 ἐνθάδε
272 3121 423 3197 Δίωνος·
452 3115 536 3206 ὑμίν
552 3119 590 3185 δέ
607 3117 645 3185 κδ
663 3120 801 3204 βέβαιον
817 3114 943 3190 ἐκεῖνος
959 3113 1139 3198 παρεχέτω.

98 3221 115 3274 c
131 3209 175 3279 τά
190 3211 430 3300 χρήματαδῊ
406 3242 428 3282 α
444 3213 488 3284 άν
504 3216 602 3305 λάβῃ,
620 3211 705 3282 κατὰ
719 3209 987 3298 Πελοπόννησον
1004 3209 1067 3299 μὲν
1083 3212 1140 3278 καὶ

125 3305 273 3400 Ἀθήνας
282 3339 321 3382 κε
322 3318 411 3383 ίσδω
423 3339 491 3402 παρ
489 3310 564 3395 ὀἷς
573 3307 695 3383 τισίν”
673 3339 716 3380 αν
726 3309 809 3399 ύμῖν
821 3317 916 3401 δοκῇ,
928 3311 1138 3400 καρπούσθω

128 3408 339 3501 δδΔίων,
294 3439 343 3500 μη
354 3412 475 3504 κύριος
491 3410 562 3481 δὲ”
541 3438 626 3483 ανευ
641 3407 741 3507 ύμων
756 3415 928 3499 γιγνέσθω
945 3410 1138 3481 ἀνελέσθαι.

106 3512 135 3544 h
