<?xml version="1.0" encoding="UTF-8"?>
<!DOCTYPE html PUBLIC "-//W3C//DTD XHTML 1.0 Transitional//EN"
    "http://www.w3.org/TR/xhtml1/DTD/xhtml1-transitional.dtd">
<html xmlns="http://www.w3.org/1999/xhtml" xml:lang="en" lang="en">
 <head>
  <title>
</title>
<meta http-equiv="Content-Type" content="text/html;charset=utf-8" />
  <meta name='ocr-system' content='tesseract 3.04.00' />
  <meta name='ocr-capabilities' content='ocr_page ocr_carea ocr_par ocr_line ocrx_word'/>
</head>
<body>
  <div class='ocr_page' id='page_1' title='image "./dialogisecundum04platgoog_0301.png"; bbox 0 0 2408 3764; ppageno 0'>
   <div class='ocr_carea' id='block_1_1' title="bbox 150 160 1156 288">
    <p class='ocr_par' dir='ltr' id='par_1_1' title="bbox 150 160 1156 288">
     <span class='ocr_line' id='line_1_1' title="bbox 150 160 1156 288; baseline -0.001 -31"><span class='ocrx_word' id='word_1_1' title='bbox 150 160 260 257; x_wconf 54' lang='grc' dir='ltr'><strong><em>εει*</em></strong></span> <span class='ocrx_word' id='word_1_2' title='bbox 394 281 397 288; x_wconf 23' lang='grc' dir='ltr'>Ι</span> <span class='ocrx_word' id='word_1_3' title='bbox 560 193 748 253; x_wconf 72' lang='grc' dir='ltr'><strong><em>ΣΧοΛιΑ</em></strong></span> <span class='ocrx_word' id='word_1_4' title='bbox 947 222 952 273; x_wconf 70' lang='lat'>7</span> <span class='ocrx_word' id='word_1_5' title='bbox 1119 201 1156 256; x_wconf 82' lang='grc' dir='ltr'><strong><em>ει</em></strong></span> 
     </span>
    </p>
   </div>
   <div class='ocr_carea' id='block_1_2' title="bbox 40 306 1186 3407">
    <p class='ocr_par' dir='ltr' id='par_1_2' title="bbox 40 306 1186 3377">
     <span class='ocr_line' id='line_1_2' title="bbox 150 306 1156 465; baseline -0.003 -44"><span class='ocrx_word' id='word_1_6' title='bbox 150 353 203 460; x_wconf 79' lang='lat'><strong><em>336</em></strong></span> <span class='ocrx_word' id='word_1_7' title='bbox 215 349 316 420; x_wconf 91' lang='grc' dir='ltr'><strong><em>Δία</em></strong></span> <span class='ocrx_word' id='word_1_8' title='bbox 285 379 340 456; x_wconf 90' lang='grc' dir='ltr'><strong><em>την</em></strong></span> <span class='ocrx_word' id='word_1_9' title='bbox 352 358 501 456; x_wconf 70' lang='grc' dir='ltr'><strong><em>βασιλείαν</em></strong></span> <span class='ocrx_word' id='word_1_10' title='bbox 511 306 720 457; x_wconf 75' lang='grc' dir='ltr'><strong><em>παραλαβόντα</em></strong></span> <span class='ocrx_word' id='word_1_11' title='bbox 734 321 888 437; x_wconf 70' lang='grc' dir='ltr'><strong><em>ἐπιτρίψαι</em></strong></span> <span class='ocrx_word' id='word_1_12' title='bbox 897 380 938 459; x_wconf 88' lang='grc' dir='ltr'><strong><em>τη</em></strong></span> <span class='ocrx_word' id='word_1_13' title='bbox 924 352 1025 420; x_wconf 86' lang='grc' dir='ltr'><strong><em>Ἑστί</em></strong></span> <span class='ocrx_word' id='word_1_14' title='bbox 1025 381 1044 417; x_wconf 94' lang='grc' dir='ltr'><strong><em>α</em></strong></span> <span class='ocrx_word' id='word_1_15' title='bbox 1028 360 1156 465; x_wconf 83' lang='grc' dir='ltr'><strong><em>λαβεῖν</em></strong></span> 
     </span>
     <span class='ocr_line' id='line_1_3' title="bbox 150 418 1158 543; baseline -0.002 -38.998"><span class='ocrx_word' id='word_1_16' title='bbox 150 437 212 505; x_wconf 80' lang='grc' dir='ltr'><strong><em>ότι</em></strong></span> <span class='ocrx_word' id='word_1_17' title='bbox 228 435 267 503; x_wconf 86' lang='lat'><strong><em>66</em></strong></span> <span class='ocrx_word' id='word_1_18' title='bbox 283 435 440 540; x_wconf 57' lang='grc' dir='ltr'><strong><em>βούλοιτο,υ</em></strong></span> <span class='ocrx_word' id='word_1_19' title='bbox 456 463 511 542; x_wconf 89' lang='grc' dir='ltr'><strong><em>την</em></strong></span> <span class='ocrx_word' id='word_1_20' title='bbox 529 439 562 502; x_wconf 81' lang='lat'><strong><em>6</em></strong></span> <span class='ocrx_word' id='word_1_21' title='bbox 576 431 632 540; x_wconf 87' lang='lat'><strong><em>636</em></strong></span> <span class='ocrx_word' id='word_1_22' title='bbox 652 440 819 542; x_wconf 79' lang='grc' dir='ltr'><strong><em>παρθενίαν</em></strong></span> <span class='ocrx_word' id='word_1_23' title='bbox 828 418 1036 543; x_wconf 86' lang='grc' dir='ltr'><strong><em>αἰτήσασθαι</em></strong></span> <span class='ocrx_word' id='word_1_24' title='bbox 1040 440 1092 502; x_wconf 81' lang='grc' dir='ltr'><strong><em>καὶ</em></strong></span> <span class='ocrx_word' id='word_1_25' title='bbox 1106 433 1158 516; x_wconf 87' lang='lat'><strong><em>663</em></strong></span> 
     </span>
     <span class='ocr_line' id='line_1_4' title="bbox 151 516 1157 630; baseline -0.003 -42"><span class='ocrx_word' id='word_1_26' title='bbox 151 517 286 609; x_wconf 72' lang='grc' dir='ltr'><strong><em>ἀπαρχάς</em></strong></span> <span class='ocrx_word' id='word_1_27' title='bbox 302 516 393 622; x_wconf 84' lang='lat'><em>3636</em></span> <span class='ocrx_word' id='word_1_28' title='bbox 399 527 459 584; x_wconf 87' lang='grc' dir='ltr'><strong><em>τῶν</em></strong></span> <span class='ocrx_word' id='word_1_29' title='bbox 478 517 662 629; x_wconf 70' lang='lat'><em>33693363.</em></span> <span class='ocrx_word' id='word_1_30' title='bbox 674 518 799 630; x_wconf 64' lang='lat'><em>&#39;‘143333.</em></span> <span class='ocrx_word' id='word_1_31' title='bbox 819 516 873 623; x_wconf 83' lang='grc' dir='ltr'><strong><em>ἆφ</em></strong></span> <span class='ocrx_word' id='word_1_32' title='bbox 862 518 986 599; x_wconf 77' lang='grc' dir='ltr'><strong><em>’.ἑστίας</em></strong></span> <span class='ocrx_word' id='word_1_33' title='bbox 1013 527 1157 606; x_wconf 85' lang='grc' dir='ltr'><strong><em>παροιμία</em></strong></span> 
     </span>
     <span class='ocr_line' id='line_1_5' title="bbox 151 599 1157 709; baseline -0.002 -37"><span class='ocrx_word' id='word_1_34' title='bbox 151 610 185 672; x_wconf 78' lang='grc' dir='ltr'><strong><em>δέ</em></strong></span> <span class='ocrx_word' id='word_1_35' title='bbox 199 605 274 709; x_wconf 77' lang='grc' dir='ltr'><strong><em>ἐστι,</em></strong></span> <span class='ocrx_word' id='word_1_36' title='bbox 290 601 492 709; x_wconf 77' lang='grc' dir='ltr'><strong><em>μετενήνεκται</em></strong></span> <span class='ocrx_word' id='word_1_37' title='bbox 508 599 571 669; x_wconf 82' lang='lat'><strong><em>63&#39;</em></strong></span> <span class='ocrx_word' id='word_1_38' title='bbox 552 599 611 668; x_wconf 90' lang='lat'><strong><em>633</em></strong></span> <span class='ocrx_word' id='word_1_39' title='bbox 621 611 681 667; x_wconf 89' lang='grc' dir='ltr'><strong><em>τῶν</em></strong></span> <span class='ocrx_word' id='word_1_40' title='bbox 690 606 757 687; x_wconf 84' lang='grc' dir='ltr'><strong><em>περὶ</em></strong></span> <span class='ocrx_word' id='word_1_41' title='bbox 767 631 804 668; x_wconf 89' lang='grc' dir='ltr'><strong><em>τα</em></strong></span> <span class='ocrx_word' id='word_1_42' title='bbox 791 599 880 707; x_wconf 76' lang='lat'><em>3633</em></span> <span class='ocrx_word' id='word_1_43' title='bbox 891 608 1064 709; x_wconf 83' lang='lat'><em>63333666·</em></span> <span class='ocrx_word' id='word_1_44' title='bbox 1087 608 1157 681; x_wconf 75' lang='grc' dir='ltr'><strong><em>ἔθος</em></strong></span> 
     </span>
     <span class='ocr_line' id='line_1_6' title="bbox 150 679 1157 795; baseline -0.001 -41"><span class='ocrx_word' id='word_1_45' title='bbox 150 686 210 795; x_wconf 77' lang='grc' dir='ltr'><strong><em>γάρ</em></strong></span> <span class='ocrx_word' id='word_1_46' title='bbox 226 679 266 772; x_wconf 76' lang='grc' dir='ltr'><strong><em>ἦν</em></strong></span> <span class='ocrx_word' id='word_1_47' title='bbox 283 713 320 772; x_wconf 85' lang='lat'><strong><em>63</em></strong></span> <span class='ocrx_word' id='word_1_48' title='bbox 305 683 477 779; x_wconf 70' lang='lat' dir='ltr'><em>&#39;“E6633</em></span> <span class='ocrx_word' id='word_1_49' title='bbox 445 702 498 764; x_wconf 89' lang='lat'><strong><em>663</em></strong></span> <span class='ocrx_word' id='word_1_50' title='bbox 514 682 648 791; x_wconf 76' lang='grc' dir='ltr'><strong><em>ἀπαρχάς</em></strong></span> <span class='ocrx_word' id='word_1_51' title='bbox 668 694 827 791; x_wconf 72' lang='grc' dir='ltr'><strong><em>ποιεῖσθαι</em></strong></span> <span class='ocrx_word' id='word_1_52' title='bbox 858 683 948 771; x_wconf 82' lang='grc' dir='ltr'><strong><em>ήάφ’</em></strong></span> <span class='ocrx_word' id='word_1_53' title='bbox 975 687 1112 766; x_wconf 76' lang='grc' dir='ltr'><strong><em>ἕστίας”</em></strong></span> <span class='ocrx_word' id='word_1_54' title='bbox 1092 715 1157 771; x_wconf 84' lang='grc' dir='ltr'><strong><em>ητοι</em></strong></span> 
     </span>
     <span class='ocr_line' id='line_1_7' title="bbox 152 750 876 855; baseline -0.001 -17"><span class='ocrx_word' id='word_1_55' title='bbox 152 750 494 838; x_wconf 79' lang='lat'>6336660336666666·</span> <span class='ocrx_word' id='word_1_56' title='bbox 504 765 795 874; x_wconf 75' lang='lat'><em>3663636330336’62</em></span> <span class='ocrx_word' id='word_1_57' title='bbox 810 780 876 837; x_wconf 91' lang='lat' dir='ltr'><strong><em>RS.</em></strong></span> 
     </span>
     <span class='ocr_line' id='line_1_8' title="bbox 234 852 1153 964; baseline 0.001 -44"><span class='ocrx_word' id='word_1_58' title='bbox 234 865 271 920; x_wconf 88' lang='grc' dir='ltr'><strong><em>Α.</em></strong></span> <span class='ocrx_word' id='word_1_59' title='bbox 293 863 470 960; x_wconf 78' lang='grc' dir='ltr'><strong><em>κακουργεῖν</em></strong></span> <span class='ocrx_word' id='word_1_60' title='bbox 480 852 537 959; x_wconf 82' lang='grc' dir='ltr'><strong><em>τήν</em></strong></span> <span class='ocrx_word' id='word_1_61' title='bbox 546 852 645 932; x_wconf 88' lang='grc' dir='ltr'><strong><em>πόλιν]</em></strong></span> <span class='ocrx_word' id='word_1_62' title='bbox 652 860 815 964; x_wconf 74' lang='lat'>633636366</span> <span class='ocrx_word' id='word_1_63' title='bbox 826 854 918 960; x_wconf 80' lang='lat'><strong><em>636</em></strong></span> <span class='ocrx_word' id='word_1_64' title='bbox 887 882 946 962; x_wconf 85' lang='grc' dir='ltr'><strong><em>την</em></strong></span> <span class='ocrx_word' id='word_1_65' title='bbox 953 855 1099 960; x_wconf 83' lang='grc' dir='ltr'><strong><em>σόνταξιν.</em></strong></span> <span class='ocrx_word' id='word_1_66' title='bbox 1122 865 1153 921; x_wconf 90' lang='lat'><strong><em>0.</em></strong></span> 
     </span>
     <span class='ocr_line' id='line_1_9' title="bbox 234 933 1152 1042; baseline 0 -39"><span class='ocrx_word' id='word_1_67' title='bbox 234 949 266 1003; x_wconf 92' lang='grc' dir='ltr'>Β</span> <span class='ocrx_word' id='word_1_68' title='bbox 289 934 328 1013; x_wconf 85' lang='lat'><strong><em>33</em></strong></span> <span class='ocrx_word' id='word_1_69' title='bbox 345 933 467 1042; x_wconf 78' lang='lat'>66663’</span> <span class='ocrx_word' id='word_1_70' title='bbox 486 933 625 1015; x_wconf 75' lang='grc' dir='ltr'><strong><em>ἀκοῦσαι]</em></strong></span> <span class='ocrx_word' id='word_1_71' title='bbox 643 933 710 1002; x_wconf 78' lang='grc' dir='ltr'><strong><em>ἄντί</em></strong></span> <span class='ocrx_word' id='word_1_72' title='bbox 729 947 781 1004; x_wconf 79' lang='grc' dir='ltr'><strong><em>τοῦ</em></strong></span> <span class='ocrx_word' id='word_1_73' title='bbox 796 934 858 1004; x_wconf 81' lang='grc' dir='ltr'><strong><em>κατ’</em></strong></span> <span class='ocrx_word' id='word_1_74' title='bbox 875 967 969 1023; x_wconf 88' lang='grc' dir='ltr'><strong><em>αντην</em></strong></span> <span class='ocrx_word' id='word_1_75' title='bbox 980 967 1035 1024; x_wconf 88' lang='grc' dir='ltr'><strong><em>την</em></strong></span> <span class='ocrx_word' id='word_1_76' title='bbox 1047 966 1152 1022; x_wconf 86' lang='grc' dir='ltr'><strong><em>ακοην,</em></strong></span> 
     </span>
     <span class='ocr_line' id='line_1_10' title="bbox 151 1019 676 1125; baseline -0.006 -36"><span class='ocrx_word' id='word_1_77' title='bbox 151 1049 272 1101; x_wconf 84' lang='lat'>636666</span> <span class='ocrx_word' id='word_1_78' title='bbox 284 1025 342 1125; x_wconf 88' lang='grc' dir='ltr'><strong><em>εφη</em></strong></span> <span class='ocrx_word' id='word_1_79' title='bbox 352 1049 393 1105; x_wconf 93' lang='grc' dir='ltr'><strong><em>μη</em></strong></span> <span class='ocrx_word' id='word_1_80' title='bbox 381 1019 676 1125; x_wconf 88' lang='grc' dir='ltr'><strong><em>βουλεται....0</em></strong></span> 
     </span>
     <span class='ocr_line' id='line_1_11' title="bbox 235 1100 1155 1213; baseline -0.001 -42"><span class='ocrx_word' id='word_1_81' title='bbox 235 1115 264 1171; x_wconf 88' lang='lat' dir='ltr'><strong><em>C.</em></strong></span> <span class='ocrx_word' id='word_1_82' title='bbox 288 1100 376 1185; x_wconf 78' lang='grc' dir='ltr'><strong><em>ὁμόσε</em></strong></span> <span class='ocrx_word' id='word_1_83' title='bbox 388 1108 474 1183; x_wconf 78' lang='grc' dir='ltr'><strong><em>ἰέναι]</em></strong></span> <span class='ocrx_word' id='word_1_84' title='bbox 487 1104 541 1170; x_wconf 83' lang='lat'><strong><em>360</em></strong></span> <span class='ocrx_word' id='word_1_85' title='bbox 551 1110 686 1208; x_wconf 81' lang='grc' dir='ltr'><strong><em>σημαίνει</em></strong></span> <span class='ocrx_word' id='word_1_86' title='bbox 696 1113 781 1171; x_wconf 78' lang='grc' dir='ltr'><strong><em>τοῦτο</em></strong></span> <span class='ocrx_word' id='word_1_87' title='bbox 788 1104 889 1213; x_wconf 80' lang='grc' dir='ltr'><strong><em>,παρά</em></strong></span> <span class='ocrx_word' id='word_1_88' title='bbox 900 1110 953 1211; x_wconf 81' lang='lat'><strong><em>336</em></strong></span> <span class='ocrx_word' id='word_1_89' title='bbox 963 1117 1024 1185; x_wconf 84' lang='grc' dir='ltr'><strong><em>τοῖς</em></strong></span> <span class='ocrx_word' id='word_1_90' title='bbox 1036 1106 1155 1191; x_wconf 80' lang='grc' dir='ltr'><strong><em>ῥήτορσι</em></strong></span> 
     </span>
     <span class='ocr_line' id='line_1_12' title="bbox 148 1183 1154 1297; baseline -0.002 -41"><span class='ocrx_word' id='word_1_91' title='bbox 148 1186 182 1256; x_wconf 89' lang='lat'><strong><em>63</em></strong></span> <span class='ocrx_word' id='word_1_92' title='bbox 199 1186 242 1255; x_wconf 88' lang='lat'><strong><em>63</em></strong></span> <span class='ocrx_word' id='word_1_93' title='bbox 239 1185 437 1290; x_wconf 79' lang='lat'>’36666363&#39;&#39;</span> <span class='ocrx_word' id='word_1_94' title='bbox 416 1216 482 1292; x_wconf 85' lang='grc' dir='ltr'><strong><em>ητοι</em></strong></span> <span class='ocrx_word' id='word_1_95' title='bbox 499 1216 531 1254; x_wconf 90' lang='grc' dir='ltr'><strong><em>το</em></strong></span> <span class='ocrx_word' id='word_1_96' title='bbox 519 1183 797 1295; x_wconf 64' lang='grc' dir='ltr'><strong><em>άντηκείμενοη,“</em></strong></span> <span class='ocrx_word' id='word_1_97' title='bbox 779 1218 818 1267; x_wconf 82' lang='grc' dir='ltr'><strong><em>τος</em></strong></span> <span class='ocrx_word' id='word_1_98' title='bbox 834 1216 916 1297; x_wconf 82' lang='lat'><em>3633</em></span> <span class='ocrx_word' id='word_1_99' title='bbox 904 1188 1154 1296; x_wconf 78' lang='grc' dir='ltr'><strong><em>Δημοσθένειέν</em></strong></span> 
     </span>
     <span class='ocr_line' id='line_1_13' title="bbox 148 1267 1153 1383; baseline -0.001 -44"><span class='ocrx_word' id='word_1_100' title='bbox 148 1283 191 1362; x_wconf 79' lang='lat'><strong><em>633</em></strong></span> <span class='ocrx_word' id='word_1_101' title='bbox 208 1300 284 1339; x_wconf 86' lang='lat'>3666</span> <span class='ocrx_word' id='word_1_102' title='bbox 271 1267 551 1383; x_wconf 78' lang='grc' dir='ltr'><strong><em>Διονησοδῶροη·</em></strong></span> <span class='ocrx_word' id='word_1_103' title='bbox 570 1269 661 1351; x_wconf 85' lang='lat'>66633</span> <span class='ocrx_word' id='word_1_104' title='bbox 678 1269 738 1339; x_wconf 79' lang='grc' dir='ltr'><strong><em>δὲ</em></strong></span> <span class='ocrx_word' id='word_1_105' title='bbox 725 1281 781 1363; x_wconf 79' lang='grc' dir='ltr'><strong><em>ορηῖ</em></strong></span> <span class='ocrx_word' id='word_1_106' title='bbox 799 1272 877 1359; x_wconf 83' lang='lat'><em>3363</em></span> <span class='ocrx_word' id='word_1_107' title='bbox 894 1272 981 1359; x_wconf 80' lang='grc' dir='ltr'><strong><em>ὁμόσε</em></strong></span> <span class='ocrx_word' id='word_1_108' title='bbox 997 1277 1153 1360; x_wconf 77' lang='grc' dir='ltr'><strong><em>πορευομέ-</em></strong></span> 
     </span>
     <span class='ocr_line' id='line_1_14' title="bbox 149 1339 846 1466; baseline 0.001 -44"><span class='ocrx_word' id='word_1_109' title='bbox 149 1384 235 1460; x_wconf 83' lang='lat'><em>6633·</em></span> <span class='ocrx_word' id='word_1_110' title='bbox 246 1381 307 1466; x_wconf 88' lang='lat'><strong><em>363</em></strong></span> <span class='ocrx_word' id='word_1_111' title='bbox 305 1350 440 1463; x_wconf 86' lang='grc' dir='ltr'><strong><em>Ὀμήρφ</em></strong></span> <span class='ocrx_word' id='word_1_112' title='bbox 452 1354 522 1423; x_wconf 83' lang='lat'><strong><em>63</em></strong></span> <span class='ocrx_word' id='word_1_113' title='bbox 494 1383 526 1425; x_wconf 92' lang='grc' dir='ltr'><strong><em>το</em></strong></span> <span class='ocrx_word' id='word_1_114' title='bbox 539 1357 623 1463; x_wconf 79' lang='lat'><em>3336,</em></span> <span class='ocrx_word' id='word_1_115' title='bbox 636 1356 676 1436; x_wconf 85' lang='lat'><strong><em>33</em></strong></span> <span class='ocrx_word' id='word_1_116' title='bbox 687 1361 735 1425; x_wconf 76' lang='grc' dir='ltr'><strong><em>ἐπὶ</em></strong></span> <span class='ocrx_word' id='word_1_117' title='bbox 746 1339 846 1424; x_wconf 82' lang='grc' dir='ltr'><strong><em>τόῦὸε·</em></strong></span> 
     </span>
     <span class='ocr_line' id='line_1_15' title="bbox 192 1435 861 1548; baseline 0.004 -44"><span class='ocrx_word' id='word_1_118' title='bbox 192 1439 274 1506; x_wconf 86' lang='grc' dir='ltr'><strong><em>όσσοι</em></strong></span> <span class='ocrx_word' id='word_1_119' title='bbox 285 1441 328 1507; x_wconf 85' lang='lat'><strong><em>63</em></strong></span> <span class='ocrx_word' id='word_1_120' title='bbox 325 1435 460 1505; x_wconf 80' lang='grc' dir='ltr'><strong><em>’Ἰδαίων</em></strong></span> <span class='ocrx_word' id='word_1_121' title='bbox 470 1436 565 1548; x_wconf 79' lang='grc' dir='ltr'><strong><em>όρὲοεν</em></strong></span> <span class='ocrx_word' id='word_1_122' title='bbox 576 1439 665 1507; x_wconf 79' lang='grc' dir='ltr'><strong><em>όῖλαὸε</em></strong></span> <span class='ocrx_word' id='word_1_123' title='bbox 675 1445 861 1548; x_wconf 77' lang='grc' dir='ltr'><strong><em>προρέουσιν,</em></strong></span> 
     </span>
     <span class='ocr_line' id='line_1_16' title="bbox 185 1520 919 1639; baseline 0.003 -50.019"><span class='ocrx_word' id='word_1_124' title='bbox 185 1522 328 1628; x_wconf 80' lang='grc' dir='ltr'><strong><em>Ῥήσόςθ’</em></strong></span> <span class='ocrx_word' id='word_1_125' title='bbox 334 1520 518 1639; x_wconf 77' lang='lat' dir='ltr'><em>E36636o333</em></span> <span class='ocrx_word' id='word_1_126' title='bbox 528 1554 567 1609; x_wconf 84' lang='grc' dir='ltr'><strong><em>τε,</em></strong></span> <span class='ocrx_word' id='word_1_127' title='bbox 578 1524 716 1633; x_wconf 82' lang='grc' dir='ltr'><strong><em>Κάρησός</em></strong></span> <span class='ocrx_word' id='word_1_128' title='bbox 726 1551 757 1590; x_wconf 88' lang='grc' dir='ltr'><strong><em>τε</em></strong></span> <span class='ocrx_word' id='word_1_129' title='bbox 761 1523 870 1603; x_wconf 79' lang='grc' dir='ltr'><strong><em>Ροδίος</em></strong></span> <span class='ocrx_word' id='word_1_130' title='bbox 880 1553 919 1610; x_wconf 87' lang='grc' dir='ltr'><strong><em>τε,</em></strong></span> 
     </span>
     <span class='ocr_line' id='line_1_17' title="bbox 190 1606 926 1720; baseline -0.001 -46"><span class='ocrx_word' id='word_1_131' title='bbox 190 1607 338 1714; x_wconf 74' lang='grc' dir='ltr'><strong><em>Γρήνικός</em></strong></span> <span class='ocrx_word' id='word_1_132' title='bbox 349 1635 379 1674; x_wconf 87' lang='grc' dir='ltr'><strong><em>τε</em></strong></span> <span class='ocrx_word' id='word_1_133' title='bbox 389 1612 441 1673; x_wconf 80' lang='grc' dir='ltr'><strong><em>καὶ</em></strong></span> <span class='ocrx_word' id='word_1_134' title='bbox 453 1615 596 1715; x_wconf 75' lang='grc' dir='ltr'><strong><em>Αἴσηπος,</em></strong></span> <span class='ocrx_word' id='word_1_135' title='bbox 608 1609 671 1712; x_wconf 76' lang='lat'><em>3663</em></span> <span class='ocrx_word' id='word_1_136' title='bbox 681 1635 711 1675; x_wconf 87' lang='grc' dir='ltr'><strong><em>τε</em></strong></span> <span class='ocrx_word' id='word_1_137' title='bbox 721 1606 926 1720; x_wconf 59' lang='grc' dir='ltr'><strong><em>Σκάμανδρος,</em></strong></span> 
     </span>
     <span class='ocr_line' id='line_1_18' title="bbox 192 1690 934 1798; baseline -0.001 -40"><span class='ocrx_word' id='word_1_138' title='bbox 192 1697 243 1797; x_wconf 76' lang='grc' dir='ltr'><strong><em>καὶ</em></strong></span> <span class='ocrx_word' id='word_1_139' title='bbox 252 1692 381 1777; x_wconf 81' lang='grc' dir='ltr'><strong><em>Σιμόεις,</em></strong></span> <span class='ocrx_word' id='word_1_140' title='bbox 392 1691 447 1759; x_wconf 82' lang='grc' dir='ltr'><strong><em>όθτ</em></strong></span> <span class='ocrx_word' id='word_1_141' title='bbox 456 1691 551 1761; x_wconf 82' lang='grc' dir='ltr'><strong><em>πολλά</em></strong></span> <span class='ocrx_word' id='word_1_142' title='bbox 562 1690 689 1798; x_wconf 88' lang='grc' dir='ltr'><strong><em>βοάγρια</em></strong></span> <span class='ocrx_word' id='word_1_143' title='bbox 699 1720 751 1757; x_wconf 89' lang='grc' dir='ltr'><strong><em>και</em></strong></span> <span class='ocrx_word' id='word_1_144' title='bbox 741 1691 934 1796; x_wconf 76' lang='grc' dir='ltr'><strong><em>τρυφάλειαι</em></strong></span> 
     </span>
     <span class='ocr_line' id='line_1_19' title="bbox 191 1771 969 1884; baseline -0.005 -40"><span class='ocrx_word' id='word_1_145' title='bbox 191 1775 342 1844; x_wconf 85' lang='grc' dir='ltr'><strong><em>κάππεσον</em></strong></span> <span class='ocrx_word' id='word_1_146' title='bbox 353 1781 385 1844; x_wconf 86' lang='lat'><strong><em>36</em></strong></span> <span class='ocrx_word' id='word_1_147' title='bbox 397 1783 542 1883; x_wconf 75' lang='grc' dir='ltr'><strong><em>κονίῃσι,</em></strong></span> <span class='ocrx_word' id='word_1_148' title='bbox 535 1781 586 1844; x_wconf 86' lang='grc' dir='ltr'><strong><em>καλ</em></strong></span> <span class='ocrx_word' id='word_1_149' title='bbox 593 1773 732 1884; x_wconf 75' lang='grc' dir='ltr'><strong><em>ήμνθέαν</em></strong></span> <span class='ocrx_word' id='word_1_150' title='bbox 741 1779 825 1861; x_wconf 80' lang='grc' dir='ltr'><strong><em>γένος</em></strong></span> <span class='ocrx_word' id='word_1_151' title='bbox 836 1771 969 1882; x_wconf 78' lang='grc' dir='ltr'><strong><em>άνὸρῶν</em></strong></span> 
     </span>
     <span class='ocr_line' id='line_1_20' title="bbox 191 1855 1068 1972; baseline -0.005 -44"><span class='ocrx_word' id='word_1_152' title='bbox 191 1870 250 1928; x_wconf 89' lang='grc' dir='ltr'><strong><em>τῶν</em></strong></span> <span class='ocrx_word' id='word_1_153' title='bbox 260 1862 382 1928; x_wconf 86' lang='grc' dir='ltr'><strong><em>πάντων</em></strong></span> <span class='ocrx_word' id='word_1_154' title='bbox 393 1859 481 1944; x_wconf 83' lang='grc' dir='ltr'><strong><em>ὁμόσε</em></strong></span> <span class='ocrx_word' id='word_1_155' title='bbox 491 1860 599 1968; x_wconf 86' lang='lat'>666336</span> <span class='ocrx_word' id='word_1_156' title='bbox 596 1858 726 1972; x_wconf 70' lang='grc' dir='ltr'><strong><em>’ἔτραπε</em></strong></span> <span class='ocrx_word' id='word_1_157' title='bbox 737 1855 864 1944; x_wconf 76' lang='grc' dir='ltr'><strong><em>Φοῖβος</em></strong></span> <span class='ocrx_word' id='word_1_158' title='bbox 860 1857 1013 1927; x_wconf 81' lang='grc' dir='ltr'><strong><em>Απόλλων.</em></strong></span> <span class='ocrx_word' id='word_1_159' title='bbox 1036 1868 1068 1924; x_wconf 89' lang='grc' dir='ltr'><strong><em>Ο.</em></strong></span> 
     </span>
     <span class='ocr_line' id='line_1_21' title="bbox 232 1940 894 2035; baseline -0.009 -20"><span class='ocrx_word' id='word_1_160' title='bbox 232 1961 250 2015; x_wconf 83' lang='grc'>4</span> <span class='ocrx_word' id='word_1_161' title='bbox 262 1957 309 2013; x_wconf 87' lang='grc' dir='ltr'><strong>Α</strong></span> <span class='ocrx_word' id='word_1_162' title='bbox 317 1954 429 2035; x_wconf 82' lang='grc' dir='ltr'><strong><em>πολλοῦ</em></strong></span> <span class='ocrx_word' id='word_1_163' title='bbox 439 1972 472 2030; x_wconf 95' lang='grc' dir='ltr'><strong><em>γε</em></strong></span> <span class='ocrx_word' id='word_1_164' title='bbox 482 1943 570 2027; x_wconf 79' lang='grc' dir='ltr'><strong><em>δεῖ]’</em></strong></span> <span class='ocrx_word' id='word_1_165' title='bbox 552 1948 617 2013; x_wconf 80' lang='grc' dir='ltr'><strong><em>αντὶ</em></strong></span> <span class='ocrx_word' id='word_1_166' title='bbox 627 1972 679 2011; x_wconf 88' lang='grc' dir='ltr'><strong><em>του</em></strong></span> <span class='ocrx_word' id='word_1_167' title='bbox 666 1940 837 2027; x_wconf 75' lang='grc' dir='ltr'><strong><em>οὐδαμῶς.</em></strong></span> <span class='ocrx_word' id='word_1_168' title='bbox 862 1954 894 2010; x_wconf 89' lang='grc' dir='ltr'><strong><em>Ο.</em></strong></span> 
     </span>
     <span class='ocr_line' id='line_1_22' title="bbox 232 2012 660 2144; baseline 0.002 -47"><span class='ocrx_word' id='word_1_169' title='bbox 232 2041 267 2097; x_wconf 88' lang='grc' dir='ltr'><strong><em>Α.</em></strong></span> <span class='ocrx_word' id='word_1_170' title='bbox 290 2012 411 2132; x_wconf 82' lang='lat'><em>3336]’</em></span> <span class='ocrx_word' id='word_1_171' title='bbox 402 2036 486 2142; x_wconf 78' lang='lat'><em>6633,</em></span> <span class='ocrx_word' id='word_1_172' title='bbox 495 2029 613 2144; x_wconf 68' lang='grc' dir='ltr'><strong><em>σχεδόν·</em></strong></span> <span class='ocrx_word' id='word_1_173' title='bbox 606 2039 660 2097; x_wconf 86' lang='lat' dir='ltr'><strong><em>·.R</em></strong></span> 
     </span>
     <span class='ocr_line' id='line_1_23' title="bbox 234 2108 1152 2222; baseline -0.008 -42"><span class='ocrx_word' id='word_1_174' title='bbox 234 2123 263 2180; x_wconf 88' lang='lat' dir='ltr'><strong><em>C.</em></strong></span> <span class='ocrx_word' id='word_1_175' title='bbox 279 2111 444 2218; x_wconf 70' lang='lat'>3666633‘</span> <span class='ocrx_word' id='word_1_176' title='bbox 432 2114 533 2182; x_wconf 76' lang='lat'>0666</span> <span class='ocrx_word' id='word_1_177' title='bbox 549 2122 669 2219; x_wconf 83' lang='grc' dir='ltr'><strong><em>τροφῶγ</em></strong></span> <span class='ocrx_word' id='word_1_178' title='bbox 692 2116 768 2194; x_wconf 78' lang='grc' dir='ltr'><strong><em>[καί]</em></strong></span> <span class='ocrx_word' id='word_1_179' title='bbox 785 2108 939 2222; x_wconf 73' lang='grc' dir='ltr'><strong><em>ὑπηρετῶν</em></strong></span> <span class='ocrx_word' id='word_1_180' title='bbox 959 2113 1010 2178; x_wconf 78' lang='grc' dir='ltr'><strong><em>καὶ</em></strong></span> <span class='ocrx_word' id='word_1_181' title='bbox 1026 2131 1152 2195; x_wconf 85' lang='grc' dir='ltr'><strong><em>προσπε·</em></strong></span> 
     </span>
     <span class='ocr_line' id='line_1_24' title="bbox 149 2193 1153 2310; baseline -0.005 -47"><span class='ocrx_word' id='word_1_182' title='bbox 149 2193 287 2278; x_wconf 77' lang='grc' dir='ltr'><strong><em>λάζοιν’</em></strong></span> <span class='ocrx_word' id='word_1_183' title='bbox 269 2195 329 2264; x_wconf 81' lang='grc' dir='ltr'><strong><em>απὸ</em></strong></span> <span class='ocrx_word' id='word_1_184' title='bbox 345 2226 398 2264; x_wconf 89' lang='grc' dir='ltr'><strong><em>του</em></strong></span> <span class='ocrx_word' id='word_1_185' title='bbox 385 2199 529 2279; x_wconf 80' lang='grc' dir='ltr'><strong><em>πέλας</em></strong></span> <span class='ocrx_word' id='word_1_186' title='bbox 508 2227 574 2283; x_wconf 85' lang='grc' dir='ltr'><strong><em>ητοι</em></strong></span> <span class='ocrx_word' id='word_1_187' title='bbox 589 2193 675 2310; x_wconf 77' lang='grc' dir='ltr'><strong><em>ἕγγός</em></strong></span> <span class='ocrx_word' id='word_1_188' title='bbox 691 2201 835 2265; x_wconf 74' lang='grc' dir='ltr'><strong><em>ἐκαλεῖτο</em></strong></span> <span class='ocrx_word' id='word_1_189' title='bbox 857 2193 925 2264; x_wconf 77' lang='lat'><em>336’</em></span> <span class='ocrx_word' id='word_1_190' title='bbox 940 2200 1055 2264; x_wconf 81' lang='grc' dir='ltr'><strong><em>ενδειαν</em></strong></span> <span class='ocrx_word' id='word_1_191' title='bbox 1066 2220 1153 2300; x_wconf 85' lang='grc' dir='ltr'><strong><em>προς·</em></strong></span> 
     </span>
     <span class='ocr_line' id='line_1_25' title="bbox 149 2279 1153 2370; baseline -0.003 -24"><span class='ocrx_word' id='word_1_192' title='bbox 149 2282 219 2362; x_wconf 87' lang='grc' dir='ltr'><strong><em>ιῶν,</em></strong></span> <span class='ocrx_word' id='word_1_193' title='bbox 234 2287 353 2365; x_wconf 80' lang='grc' dir='ltr'><strong><em>μίσθιος</em></strong></span> <span class='ocrx_word' id='word_1_194' title='bbox 370 2281 427 2347; x_wconf 84' lang='lat'><strong><em>63</em></strong></span> <span class='ocrx_word' id='word_1_195' title='bbox 411 2309 473 2367; x_wconf 88' lang='lat'><strong><em>63</em></strong></span> <span class='ocrx_word' id='word_1_196' title='bbox 454 2293 573 2370; x_wconf 82' lang='grc' dir='ltr'><strong><em>ηρετῶν.</em></strong></span> <span class='ocrx_word' id='word_1_197' title='bbox 590 2285 713 2358; x_wconf 75' lang='grc' dir='ltr'><strong><em>’.Αλλιος</em></strong></span> <span class='ocrx_word' id='word_1_198' title='bbox 738 2279 861 2347; x_wconf 77' lang='grc' dir='ltr'><strong><em>πελάται</em></strong></span> <span class='ocrx_word' id='word_1_199' title='bbox 878 2284 953 2347; x_wconf 82' lang='grc' dir='ltr'><strong><em>εἰσὶν</em></strong></span> <span class='ocrx_word' id='word_1_200' title='bbox 964 2284 995 2347; x_wconf 86' lang='grc' dir='ltr'><strong><em>οί</em></strong></span> <span class='ocrx_word' id='word_1_201' title='bbox 1002 2306 1083 2364; x_wconf 90' lang='grc' dir='ltr'><strong><em>παρα</em></strong></span> <span class='ocrx_word' id='word_1_202' title='bbox 1094 2287 1153 2359; x_wconf 78' lang='grc' dir='ltr'><strong><em>τοῖς</em></strong></span> 
     </span>
     <span class='ocr_line' id='line_1_26' title="bbox 148 2358 1186 2473; baseline -0.002 -46"><span class='ocrx_word' id='word_1_203' title='bbox 148 2372 276 2446; x_wconf 82' lang='grc' dir='ltr'><strong><em>πλησίον</em></strong></span> <span class='ocrx_word' id='word_1_204' title='bbox 285 2364 482 2473; x_wconf 77' lang='grc' dir='ltr'><strong><em>ἐργαζόμενοι,</em></strong></span> <span class='ocrx_word' id='word_1_205' title='bbox 497 2370 549 2431; x_wconf 79' lang='grc' dir='ltr'><strong><em>καί</em></strong></span> <span class='ocrx_word' id='word_1_206' title='bbox 559 2375 656 2470; x_wconf 69' lang='grc' dir='ltr'><strong><em>θῆτες</em></strong></span> <span class='ocrx_word' id='word_1_207' title='bbox 674 2390 703 2428; x_wconf 92' lang='grc' dir='ltr'><strong><em>οι</em></strong></span> <span class='ocrx_word' id='word_1_208' title='bbox 694 2358 799 2428; x_wconf 69' lang='grc' dir='ltr'><strong><em>ἀὐτοὶ</em></strong></span> <span class='ocrx_word' id='word_1_209' title='bbox 811 2367 843 2469; x_wconf 74' lang='lat'><strong><em>353</em></strong></span> <span class='ocrx_word' id='word_1_210' title='bbox 854 2392 905 2430; x_wconf 90' lang='grc' dir='ltr'><strong><em>και</em></strong></span> <span class='ocrx_word' id='word_1_211' title='bbox 895 2363 1104 2465; x_wconf 77' lang='grc' dir='ltr'><strong><em>ἓντήμοροι,</em></strong></span> <span class='ocrx_word' id='word_1_212' title='bbox 1094 2364 1153 2426; x_wconf 85' lang='lat'><strong><em>336</em></strong></span> <span class='ocrx_word' id='word_1_213' title='bbox 1184 2372 1186 2379; x_wconf 90' lang='lat'>&#39;</span> 
     </span>
     <span class='ocr_line' id='line_1_27' title="bbox 148 2444 1153 2555; baseline 0.007 -44"><span class='ocrx_word' id='word_1_214' title='bbox 148 2454 189 2533; x_wconf 80' lang='lat'><strong><em>633</em></strong></span> <span class='ocrx_word' id='word_1_215' title='bbox 207 2448 282 2536; x_wconf 75' lang='grc' dir='ltr'><strong><em>ἕκτφ</em></strong></span> <span class='ocrx_word' id='word_1_216' title='bbox 300 2451 449 2551; x_wconf 83' lang='grc' dir='ltr'><strong><em>μέρειτῶν</em></strong></span> <span class='ocrx_word' id='word_1_217' title='bbox 468 2457 591 2555; x_wconf 82' lang='grc' dir='ltr'><strong><em>καρπῶν</em></strong></span> <span class='ocrx_word' id='word_1_218' title='bbox 604 2444 819 2553; x_wconf 72' lang='grc' dir='ltr'><strong><em>εἰργάζοντο</em></strong></span> <span class='ocrx_word' id='word_1_219' title='bbox 787 2475 938 2555; x_wconf 82' lang='grc' dir='ltr'><strong><em>τηνγηα.</em></strong></span> <span class='ocrx_word' id='word_1_220' title='bbox 941 2458 1007 2516; x_wconf 87' lang='lat' dir='ltr'><strong><em>RS.</em></strong></span> <span class='ocrx_word' id='word_1_221' title='bbox 1030 2444 1153 2528; x_wconf 75' lang='grc' dir='ltr'><strong><em>πελάτης</em></strong></span> 
     </span>
     <span class='ocr_line' id='line_1_28' title="bbox 149 2510 1014 2638; baseline 0.005 -43"><span class='ocrx_word' id='word_1_222' title='bbox 149 2510 270 2616; x_wconf 76' lang='grc' dir='ltr'><strong><em>ἑταῖρος,</em></strong></span> <span class='ocrx_word' id='word_1_223' title='bbox 282 2529 436 2616; x_wconf 85' lang='grc' dir='ltr'><strong><em>συνήθης,</em></strong></span> <span class='ocrx_word' id='word_1_224' title='bbox 438 2530 520 2638; x_wconf 86' lang='lat'><em>3636</em></span> <span class='ocrx_word' id='word_1_225' title='bbox 531 2557 563 2596; x_wconf 89' lang='grc' dir='ltr'><strong><em>το</em></strong></span> <span class='ocrx_word' id='word_1_226' title='bbox 551 2530 698 2637; x_wconf 74' lang='grc' dir='ltr'><strong><em>κολάζοι,</em></strong></span> <span class='ocrx_word' id='word_1_227' title='bbox 710 2527 798 2598; x_wconf 80' lang='grc' dir='ltr'><strong><em>οἷον</em></strong></span> <span class='ocrx_word' id='word_1_228' title='bbox 785 2531 938 2611; x_wconf 80' lang='grc' dir='ltr'><strong><em>οπέλας”</em></strong></span> <span class='ocrx_word' id='word_1_229' title='bbox 914 2560 965 2599; x_wconf 83' lang='grc' dir='ltr'><strong><em>νιν.</em></strong></span> <span class='ocrx_word' id='word_1_230' title='bbox 982 2542 1014 2598; x_wconf 93' lang='lat'>0</span> 
     </span>
     <span class='ocr_line' id='line_1_29' title="bbox 234 2612 1004 2726; baseline 0.004 -46"><span class='ocrx_word' id='word_1_231' title='bbox 234 2623 263 2680; x_wconf 88' lang='lat' dir='ltr'><strong><em>C.</em></strong></span> <span class='ocrx_word' id='word_1_232' title='bbox 286 2617 446 2719; x_wconf 77' lang='grc' dir='ltr'><strong><em>ἐξηγητοῦ]</em></strong></span> <span class='ocrx_word' id='word_1_233' title='bbox 449 2624 502 2682; x_wconf 80' lang='grc' dir='ltr'><strong><em>τοῦ</em></strong></span> <span class='ocrx_word' id='word_1_234' title='bbox 513 2612 581 2719; x_wconf 86' lang='lat'><em>6333</em></span> <span class='ocrx_word' id='word_1_235' title='bbox 591 2614 700 2725; x_wconf 81' lang='grc' dir='ltr'><strong><em>νόμους</em></strong></span> <span class='ocrx_word' id='word_1_236' title='bbox 711 2618 915 2726; x_wconf 77' lang='grc' dir='ltr'><strong><em>ἐξηγουμένου.</em></strong></span> <span class='ocrx_word' id='word_1_237' title='bbox 938 2628 968 2722; x_wconf 93' lang='lat' dir='ltr'><strong>R</strong></span> <span class='ocrx_word' id='word_1_238' title='bbox 975 2626 1004 2683; x_wconf 90' lang='lat' dir='ltr'><strong><em>S.</em></strong></span> 
     </span>
     <span class='ocr_line' id='line_1_30' title="bbox 231 2695 1152 2809; baseline 0 -45"><span class='ocrx_word' id='word_1_239' title='bbox 231 2707 264 2764; x_wconf 99' lang='lat' dir='ltr'>D</span> <span class='ocrx_word' id='word_1_240' title='bbox 268 2698 631 2806; x_wconf 75' lang='grc' dir='ltr'><strong><em>μετάληψηςήστάσις</em></strong></span> <span class='ocrx_word' id='word_1_241' title='bbox 599 2701 688 2806; x_wconf 85' lang='lat'>6663,</span> <span class='ocrx_word' id='word_1_242' title='bbox 708 2702 759 2765; x_wconf 82' lang='grc' dir='ltr'><strong><em>καὶ</em></strong></span> <span class='ocrx_word' id='word_1_243' title='bbox 760 2700 1095 2844; x_wconf 28' lang='grc' dir='ltr'><strong><em>κμετάληψιςάγρηφης</em></strong></span> <span class='ocrx_word' id='word_1_244' title='bbox 1117 2695 1152 2764; x_wconf 86' lang='lat'><strong><em>06</em></strong></span> 
     </span>
     <span class='ocr_line' id='line_1_31' title="bbox 148 2776 1152 2891; baseline 0.004 -46"><span class='ocrx_word' id='word_1_245' title='bbox 148 2776 205 2886; x_wconf 83' lang='grc' dir='ltr'><strong><em>γάρ</em></strong></span> <span class='ocrx_word' id='word_1_246' title='bbox 221 2777 281 2849; x_wconf 89' lang='lat'><strong><em>633</em></strong></span> <span class='ocrx_word' id='word_1_247' title='bbox 297 2781 434 2889; x_wconf 69' lang='grc' dir='ltr'><strong><em>ῥητοῦ</em></strong></span> <span class='ocrx_word' id='word_1_248' title='bbox 403 2811 460 2889; x_wconf 82' lang='lat'><strong><em>633</em></strong></span> <span class='ocrx_word' id='word_1_249' title='bbox 474 2781 676 2890; x_wconf 76' lang='grc' dir='ltr'><strong><em>παραγραφὴν</em></strong></span> <span class='ocrx_word' id='word_1_250' title='bbox 692 2794 825 2891; x_wconf 70' lang='grc' dir='ltr'><strong><em>προεῖται.</em></strong></span> <span class='ocrx_word' id='word_1_251' title='bbox 850 2815 869 2869; x_wconf 93' lang='grc' dir='ltr'><strong><em>η</em></strong></span> <span class='ocrx_word' id='word_1_252' title='bbox 857 2777 1021 2890; x_wconf 77' lang='lat'><em>‘33636’</em></span> <span class='ocrx_word' id='word_1_253' title='bbox 1002 2808 1057 2847; x_wconf 87' lang='lat'><strong><em>666</em></strong></span> <span class='ocrx_word' id='word_1_254' title='bbox 1057 2786 1152 2861; x_wconf 83' lang='grc' dir='ltr'><strong><em>ίθεσις</em></strong></span> 
     </span>
     <span class='ocr_line' id='line_1_32' title="bbox 40 2859 1152 2976; baseline 0 -43"><span class='ocrx_word' id='word_1_255' title='bbox 40 2896 41 2899; x_wconf 64' lang='grc'>’</span> <span class='ocrx_word' id='word_1_256' title='bbox 149 2859 414 2974; x_wconf 69' lang='grc' dir='ltr'><strong><em>άυηεγκληματική</em></strong></span> <span class='ocrx_word' id='word_1_257' title='bbox 442 2864 617 2976; x_wconf 82' lang='grc' dir='ltr'><strong><em>άντεγκαλεῖ</em></strong></span> <span class='ocrx_word' id='word_1_258' title='bbox 629 2866 690 2960; x_wconf 79' lang='grc' dir='ltr'><strong><em>γάρ</em></strong></span> <span class='ocrx_word' id='word_1_259' title='bbox 707 2866 723 2936; x_wconf 87' lang='grc' dir='ltr'>ὁ</span> <span class='ocrx_word' id='word_1_260' title='bbox 741 2868 869 2953; x_wconf 83' lang='grc' dir='ltr'><strong><em>φεόγοον,</em></strong></span> <span class='ocrx_word' id='word_1_261' title='bbox 892 2866 931 2947; x_wconf 83' lang='lat'><strong><em>33</em></strong></span> <span class='ocrx_word' id='word_1_262' title='bbox 945 2864 1024 2945; x_wconf 82' lang='grc' dir='ltr'><strong><em>άξιος</em></strong></span> <span class='ocrx_word' id='word_1_263' title='bbox 1039 2877 1152 2933; x_wconf 85' lang='grc' dir='ltr'><strong><em>παθεῖν</em></strong></span> 
     </span>
     <span class='ocr_line' id='line_1_33' title="bbox 148 2949 735 3061; baseline 0.012 -48"><span class='ocrx_word' id='word_1_264' title='bbox 148 2975 232 3017; x_wconf 88' lang='grc' dir='ltr'><strong><em>τουτο</em></strong></span> <span class='ocrx_word' id='word_1_265' title='bbox 243 2979 259 3018; x_wconf 92' lang='grc' dir='ltr'><strong><em>ο</em></strong></span> <span class='ocrx_word' id='word_1_266' title='bbox 269 2963 421 3061; x_wconf 78' lang='grc' dir='ltr'><strong><em>τεθηηκοις</em></strong></span> <span class='ocrx_word' id='word_1_267' title='bbox 433 2949 472 3031; x_wconf 83' lang='lat'><strong><em>63</em></strong></span> <span class='ocrx_word' id='word_1_268' title='bbox 484 2951 680 3042; x_wconf 81' lang='grc' dir='ltr'><strong><em>άνδροφόνος</em></strong></span> <span class='ocrx_word' id='word_1_269' title='bbox 703 2964 735 3020; x_wconf 89' lang='grc' dir='ltr'><strong><em>Ο.</em></strong></span> 
     </span>
     <span class='ocr_line' id='line_1_34' title="bbox 230 3006 1150 3185; baseline -0.003 -82"><span class='ocrx_word' id='word_1_270' title='bbox 230 3052 246 3103; x_wconf 82' lang='lat'>5</span> <span class='ocrx_word' id='word_1_271' title='bbox 257 3045 292 3099; x_wconf 90' lang='lat' dir='ltr'><strong>A</strong></span> <span class='ocrx_word' id='word_1_272' title='bbox 314 3039 446 3118; x_wconf 83' lang='grc' dir='ltr'><strong><em>λέγοντα]</em></strong></span> <span class='ocrx_word' id='word_1_273' title='bbox 465 3044 624 3148; x_wconf 75' lang='lat'>333636666</span> <span class='ocrx_word' id='word_1_274' title='bbox 636 3046 699 3113; x_wconf 86' lang='grc' dir='ltr'><strong><em>πῶς</em></strong></span> <span class='ocrx_word' id='word_1_275' title='bbox 710 3032 745 3100; x_wconf 85' lang='lat'><strong><em>06</em></strong></span> <span class='ocrx_word' id='word_1_276' title='bbox 757 3031 829 3138; x_wconf 86' lang='grc' dir='ltr'><strong><em>πρὸς</em></strong></span> <span class='ocrx_word' id='word_1_277' title='bbox 842 3030 962 3185; x_wconf 77' lang='grc' dir='ltr'><strong><em>δοτικήν</em></strong></span> <span class='ocrx_word' id='word_1_278' title='bbox 974 3006 1146 3100; x_wconf 78' lang='lat'><em>6333636</em></span> <span class='ocrx_word' id='word_1_279' title='bbox 1118 3062 1150 3138; x_wconf 80' lang='lat'><strong><em>36</em></strong></span> 
     </span>
     <span class='ocr_line' id='line_1_35' title="bbox 58 3114 1150 3227; baseline 0 -43"><span class='ocrx_word' id='word_1_280' title='bbox 58 3181 60 3184; x_wconf 78' lang='grc'>,</span> <span class='ocrx_word' id='word_1_281' title='bbox 147 3114 250 3184; x_wconf 83' lang='grc' dir='ltr'><strong><em>λοιπόν</em></strong></span> <span class='ocrx_word' id='word_1_282' title='bbox 266 3121 437 3227; x_wconf 82' lang='grc' dir='ltr'><strong><em>τοῦλόγου,</em></strong></span> <span class='ocrx_word' id='word_1_283' title='bbox 458 3118 521 3189; x_wconf 75' lang='grc' dir='ltr'><strong><em>ἄλλ’</em></strong></span> <span class='ocrx_word' id='word_1_284' title='bbox 539 3117 704 3227; x_wconf 72' lang='grc' dir='ltr'><strong><em>αἰτιατικὴν</em></strong></span> <span class='ocrx_word' id='word_1_285' title='bbox 720 3117 894 3204; x_wconf 73' lang='grc' dir='ltr'><strong><em>ἐπήνεγκεν,</em></strong></span> <span class='ocrx_word' id='word_1_286' title='bbox 913 3145 977 3188; x_wconf 84' lang='grc' dir='ltr'><strong><em>ουν</em></strong></span> <span class='ocrx_word' id='word_1_287' title='bbox 995 3115 1150 3206; x_wconf 87' lang='grc' dir='ltr'><strong><em>κράτιστόν</em></strong></span> 
     </span>
     <span class='ocr_line' id='line_1_36' title="bbox 147 3201 921 3314; baseline 0.003 -48"><span class='ocrx_word' id='word_1_288' title='bbox 147 3203 206 3267; x_wconf 75' lang='grc' dir='ltr'><strong><em>ἐστι</em></strong></span> <span class='ocrx_word' id='word_1_289' title='bbox 214 3211 336 3312; x_wconf 74' lang='lat'><em>366363</em></span> <span class='ocrx_word' id='word_1_290' title='bbox 348 3229 389 3296; x_wconf 85' lang='grc' dir='ltr'><strong><em>οφ</em></strong></span> <span class='ocrx_word' id='word_1_291' title='bbox 376 3203 587 3314; x_wconf 83' lang='grc' dir='ltr'><strong><em>γενέσθαι’</em></strong></span> <span class='ocrx_word' id='word_1_292' title='bbox 551 3201 626 3272; x_wconf 87' lang='lat'>6666</span> <span class='ocrx_word' id='word_1_293' title='bbox 636 3210 727 3270; x_wconf 83' lang='lat'>66366</span> <span class='ocrx_word' id='word_1_294' title='bbox 715 3205 867 3307; x_wconf 79' lang='grc' dir='ltr'><strong><em>λέγηντα</em></strong></span> <span class='ocrx_word' id='word_1_295' title='bbox 890 3211 921 3268; x_wconf 90' lang='grc'><strong><em>0.</em></strong></span> 
     </span>
     <span class='ocr_line' id='line_1_37' title="bbox 229 3271 1149 3407; baseline 0 -55"><span class='ocrx_word' id='word_1_296' title='bbox 229 3295 265 3352; x_wconf 86' lang='grc' dir='ltr'><strong><em>Α.</em></strong></span> <span class='ocrx_word' id='word_1_297' title='bbox 287 3271 588 3373; x_wconf 73' lang='grc' dir='ltr'><strong><em>αότοόχεδιάζοντα1ἐ</em></strong></span> <span class='ocrx_word' id='word_1_298' title='bbox 588 3316 607 3352; x_wconf 89' lang='grc' dir='ltr'><strong><em>κ</em></strong></span> <span class='ocrx_word' id='word_1_299' title='bbox 620 3297 672 3354; x_wconf 81' lang='grc' dir='ltr'><strong><em>τοῦ</em></strong></span> <span class='ocrx_word' id='word_1_300' title='bbox 687 3281 852 3370; x_wconf 80' lang='grc' dir='ltr'><strong><em>αότομάτου</em></strong></span> <span class='ocrx_word' id='word_1_301' title='bbox 865 3314 916 3354; x_wconf 89' lang='grc' dir='ltr'><strong><em>και</em></strong></span> <span class='ocrx_word' id='word_1_302' title='bbox 907 3290 1087 3407; x_wconf 75' lang='grc' dir='ltr'><strong><em>προηείρου</em></strong></span> <span class='ocrx_word' id='word_1_303' title='bbox 1098 3288 1149 3353; x_wconf 84' lang='grc' dir='ltr'><strong><em>καὶ</em></strong></span> 
     </span>
    </p>
   </div>
   <div class='ocr_carea' id='block_1_3' title="bbox 70 3367 698 3556">
    <p class='ocr_par' dir='ltr' id='par_1_3' title="bbox 70 3367 698 3556">
     <span class='ocr_line' id='line_1_38' title="bbox 70 3367 698 3556; baseline 0.002 -117"><span class='ocrx_word' id='word_1_304' title='bbox 70 3367 425 3556; x_wconf 47' lang='grc' dir='ltr'><strong><em>ψλίγοντα,</em></strong></span> <span class='ocrx_word' id='word_1_305' title='bbox 412 3374 501 3460; x_wconf 77' lang='grc' dir='ltr'><strong><em>γαρλς</em></strong></span> <span class='ocrx_word' id='word_1_306' title='bbox 512 3376 614 3453; x_wconf 76' lang='grc' dir='ltr'><strong><em>αἰτίας</em></strong></span> <span class='ocrx_word' id='word_1_307' title='bbox 631 3379 698 3440; x_wconf 88' lang='lat' dir='ltr'><strong><em>RS</em></strong></span> 
     </span>
    </p>
   </div>
   <div class='ocr_carea' id='block_1_4' title="bbox 0 0 1208 3764">
    <p class='ocr_par' dir='ltr' id='par_1_4' title="bbox 0 0 1208 3764">
     <span class='ocr_line' id='line_1_39' title="bbox 0 0 1208 3764; baseline 0 0"><span class='ocrx_word' id='word_1_308' title='bbox 0 0 1208 3764; x_wconf 95' lang='lat' dir='ltr'><strong><em> </em></strong></span> 
     </span>
    </p>
   </div>
  </div>
 </body>
</html>
