<?xml version="1.0" encoding="UTF-8"?>
<!DOCTYPE html PUBLIC "-//W3C//DTD XHTML 1.0 Transitional//EN"
    "http://www.w3.org/TR/xhtml1/DTD/xhtml1-transitional.dtd">
<html xmlns="http://www.w3.org/1999/xhtml" xml:lang="en" lang="en">
 <head>
  <title>
</title>
<meta http-equiv="Content-Type" content="text/html;charset=utf-8" />
  <meta name='ocr-system' content='tesseract 3.04.00' />
  <meta name='ocr-capabilities' content='ocr_page ocr_carea ocr_par ocr_line ocrx_word'/>
</head>
<body>
  <div class='ocr_page' id='page_1' title='image "./dialogisecundum04platgoog/dialogisecundum04platgoog_0054.png"; bbox 0 0 2408 3764; ppageno 0'>
   <div class='ocr_carea' id='block_1_1' title="bbox 406 221 1075 319">
    <p class='ocr_par' dir='ltr' id='par_1_1' title="bbox 406 221 1075 319">
     <span class='ocr_line' id='line_1_1' title="bbox 406 221 1075 319; baseline 0.007 -32"><span class='ocrx_word' id='word_1_1' title='bbox 406 221 736 319; x_wconf 60' lang='lat'><strong><em>6111260111117&#39;.¹</em></strong></span> <span class='ocrx_word' id='word_1_2' title='bbox 1026 228 1075 292; x_wconf 72' lang='lat'><strong><em>‘11</em></strong></span> 
     </span>
    </p>
   </div>
   <div class='ocr_carea' id='block_1_2' title="bbox 61 384 1164 3528">
    <p class='ocr_par' dir='ltr' id='par_1_2' title="bbox 61 384 1164 3528">
     <span class='ocr_line' id='line_1_2' title="bbox 70 384 1077 477; baseline 0 -20"><span class='ocrx_word' id='word_1_3' title='bbox 70 389 152 474; x_wconf 86' lang='grc' dir='ltr'><strong><em>παρ’</em></strong></span> <span class='ocrx_word' id='word_1_4' title='bbox 169 389 279 458; x_wconf 73' lang='grc' dir='ltr'><strong><em>ἄλλων</em></strong></span> <span class='ocrx_word' id='word_1_5' title='bbox 299 386 411 477; x_wconf 73' lang='grc' dir='ltr'><strong><em>ἦλθον</em></strong></span> <span class='ocrx_word' id='word_1_6' title='bbox 431 387 486 455; x_wconf 81' lang='grc' dir='ltr'><strong><em>διὰ</em></strong></span> <span class='ocrx_word' id='word_1_7' title='bbox 503 387 540 456; x_wconf 69' lang='grc' dir='ltr'><strong><em>σὲ</em></strong></span> <span class='ocrx_word' id='word_1_8' title='bbox 556 391 589 465; x_wconf 79' lang='grc' dir='ltr'><strong><em>ἐξ</em></strong></span> <span class='ocrx_word' id='word_1_9' title='bbox 609 384 742 469; x_wconf 83' lang='grc' dir='ltr'><strong><em>Ἰταλίας</em></strong></span> <span class='ocrx_word' id='word_1_10' title='bbox 762 394 818 459; x_wconf 76' lang='grc' dir='ltr'><strong><em>καί</em></strong></span> <span class='ocrx_word' id='word_1_11' title='bbox 834 399 998 476; x_wconf 74' lang='grc' dir='ltr'><strong><em>Σικελίας,</em></strong></span> <span class='ocrx_word' id='word_1_12' title='bbox 1021 394 1077 458; x_wconf 81' lang='grc' dir='ltr'><strong><em>καὶ</em></strong></span> 
     </span>
     <span class='ocr_line' id='line_1_3' title="bbox 70 487 1112 580; baseline -0.004 -24"><span class='ocrx_word' id='word_1_13' title='bbox 70 487 149 575; x_wconf 90' lang='grc' dir='ltr'><strong><em>παρ’</em></strong></span> <span class='ocrx_word' id='word_1_14' title='bbox 162 487 338 568; x_wconf 73' lang='grc' dir='ltr'><strong><em>όσονςτοᾶν</em></strong></span> <span class='ocrx_word' id='word_1_15' title='bbox 349 491 438 574; x_wconf 79' lang='grc' dir='ltr'><strong><em>ἐμῶν</em></strong></span> <span class='ocrx_word' id='word_1_16' title='bbox 454 492 587 554; x_wconf 81' lang='grc' dir='ltr'><strong><em>οἰκείων</em></strong></span> <span class='ocrx_word' id='word_1_17' title='bbox 597 489 653 551; x_wconf 83' lang='grc' dir='ltr'><strong><em>καί</em></strong></span> <span class='ocrx_word' id='word_1_18' title='bbox 662 495 731 555; x_wconf 74' lang='grc' dir='ltr'><strong><em>τοῖν</em></strong></span> <span class='ocrx_word' id='word_1_19' title='bbox 744 497 933 580; x_wconf 77' lang='grc' dir='ltr'><em>γνωρίμων,</em></span> <span class='ocrx_word' id='word_1_20' title='bbox 944 492 1000 558; x_wconf 83' lang='grc' dir='ltr'><strong><em>καί</em></strong></span> <span class='ocrx_word' id='word_1_21' title='bbox 1010 496 1076 556; x_wconf 83' lang='grc' dir='ltr'><strong><em>ποῖ-</em></strong></span> <span class='ocrx_word' id='word_1_22' title='bbox 1093 502 1112 552; x_wconf 81' lang='lat' dir='ltr'>c</span> 
     </span>
     <span class='ocr_line' id='line_1_4' title="bbox 61 583 1076 671; baseline 0.004 -21"><span class='ocrx_word' id='word_1_23' title='bbox 61 603 127 652; x_wconf 63' lang='grc' dir='ltr'><strong><em>’σαι</em></strong></span> <span class='ocrx_word' id='word_1_24' title='bbox 149 584 419 671; x_wconf 71' lang='grc' dir='ltr'><strong><em>διακελευόμεναί</em></strong></span> <span class='ocrx_word' id='word_1_25' title='bbox 440 609 496 668; x_wconf 92' lang='grc' dir='ltr'><strong><em>μοι</em></strong></span> <span class='ocrx_word' id='word_1_26' title='bbox 517 584 603 649; x_wconf 89' lang='grc' dir='ltr'><strong><em>ίέυαι</em></strong></span> <span class='ocrx_word' id='word_1_27' title='bbox 623 583 679 649; x_wconf 83' lang='grc' dir='ltr'><strong><em>καί</em></strong></span> <span class='ocrx_word' id='word_1_28' title='bbox 701 586 852 671; x_wconf 74' lang='grc' dir='ltr'><strong><em>δεόμεναι</em></strong></span> <span class='ocrx_word' id='word_1_29' title='bbox 868 592 921 656; x_wconf 81' lang='grc' dir='ltr'><strong><em>σοί</em></strong></span> <span class='ocrx_word' id='word_1_30' title='bbox 943 586 1076 667; x_wconf 82' lang='grc' dir='ltr'><strong><em>πάντως</em></strong></span> 
     </span>
     <span class='ocr_line' id='line_1_5' title="bbox 72 675 1074 770; baseline 0.004 -19"><span class='ocrx_word' id='word_1_31' title='bbox 72 684 130 770; x_wconf 76' lang='grc' dir='ltr'><strong><em>ἐμὲ</em></strong></span> <span class='ocrx_word' id='word_1_32' title='bbox 141 692 329 753; x_wconf 86' lang='grc' dir='ltr'><strong><em>πείθεσθαι.</em></strong></span> <span class='ocrx_word' id='word_1_33' title='bbox 343 682 452 750; x_wconf 80' lang='grc' dir='ltr'><strong><em>ἐδόκει</em></strong></span> <span class='ocrx_word' id='word_1_34' title='bbox 464 679 504 762; x_wconf 78' lang='grc' dir='ltr'><strong><em>δὴ</em></strong></span> <span class='ocrx_word' id='word_1_35' title='bbox 520 684 622 744; x_wconf 82' lang='grc' dir='ltr'><strong><em>πᾶσιν</em></strong></span> <span class='ocrx_word' id='word_1_36' title='bbox 624 675 838 763; x_wconf 67' lang='grc' dir='ltr'><strong><em>,ἀρξαμένοις</em></strong></span> <span class='ocrx_word' id='word_1_37' title='bbox 854 684 918 752; x_wconf 84' lang='grc' dir='ltr'><strong><em>άπὸ</em></strong></span> <span class='ocrx_word' id='word_1_38' title='bbox 930 693 1074 767; x_wconf 86' lang='grc' dir='ltr'><strong><em>Δίωνος,</em></strong></span> 
     </span>
     <span class='ocr_line' id='line_1_6' title="bbox 69 773 1073 871; baseline 0.004 -22"><span class='ocrx_word' id='word_1_39' title='bbox 69 785 140 850; x_wconf 89' lang='grc' dir='ltr'><strong><em>δεῖν</em></strong></span> <span class='ocrx_word' id='word_1_40' title='bbox 153 785 209 868; x_wconf 79' lang='grc' dir='ltr'><strong><em>ἐμὲ</em></strong></span> <span class='ocrx_word' id='word_1_41' title='bbox 222 788 365 851; x_wconf 87' lang='grc' dir='ltr'><strong><em>πλεῦσαι</em></strong></span> <span class='ocrx_word' id='word_1_42' title='bbox 380 781 436 846; x_wconf 79' lang='grc' dir='ltr'><strong><em>καί</em></strong></span> <span class='ocrx_word' id='word_1_43' title='bbox 454 803 497 862; x_wconf 83' lang='grc' dir='ltr'><strong><em>μη</em></strong></span> <span class='ocrx_word' id='word_1_44' title='bbox 488 773 789 861; x_wconf 74' lang='grc' dir='ltr'><strong><em>μαλθακίζεσθαι.</em></strong></span> <span class='ocrx_word' id='word_1_45' title='bbox 814 791 871 849; x_wconf 91' lang='grc' dir='ltr'><strong><em>καί</em></strong></span> <span class='ocrx_word' id='word_1_46' title='bbox 889 809 940 851; x_wconf 89' lang='grc' dir='ltr'><strong><em>τοι</em></strong></span> <span class='ocrx_word' id='word_1_47' title='bbox 955 785 1018 871; x_wconf 81' lang='grc' dir='ltr'><strong><em>τήν</em></strong></span> <span class='ocrx_word' id='word_1_48' title='bbox 1033 782 1073 852; x_wconf 87' lang='grc' dir='ltr'><strong><em>θ’</em></strong></span> 
     </span>
     <span class='ocr_line' id='line_1_7' title="bbox 66 874 1073 1003; baseline 0.003 -55"><span class='ocrx_word' id='word_1_49' title='bbox 66 877 201 966; x_wconf 77' lang='grc' dir='ltr'><strong><em>ἡλικίαν</em></strong></span> <span class='ocrx_word' id='word_1_50' title='bbox 213 879 326 956; x_wconf 80' lang='grc' dir='ltr'><strong><em>αὐτοῖς</em></strong></span> <span class='ocrx_word' id='word_1_51' title='bbox 337 874 581 969; x_wconf 86' lang='grc' dir='ltr'><strong><em>προύτεινόμηυ</em></strong></span> <span class='ocrx_word' id='word_1_52' title='bbox 593 877 647 942; x_wconf 78' lang='grc' dir='ltr'><strong><em>καί</em></strong></span> <span class='ocrx_word' id='word_1_53' title='bbox 660 877 735 969; x_wconf 77' lang='grc' dir='ltr'><strong><em>περὶ</em></strong></span> <span class='ocrx_word' id='word_1_54' title='bbox 746 895 809 942; x_wconf 89' lang='grc' dir='ltr'><strong><em>σου</em></strong></span> <span class='ocrx_word' id='word_1_55' title='bbox 794 881 1073 1003; x_wconf 74' lang='grc' dir='ltr'><strong><em>διισχυριζόμην</em></strong></span> 
     </span>
     <span class='ocr_line' id='line_1_8' title="bbox 69 973 1075 1064; baseline -0.002 -18"><span class='ocrx_word' id='word_1_56' title='bbox 69 976 114 1057; x_wconf 79' lang='grc' dir='ltr'><strong><em>ὡς</em></strong></span> <span class='ocrx_word' id='word_1_57' title='bbox 127 979 189 1062; x_wconf 83' lang='grc' dir='ltr'><strong><em>οὐχ</em></strong></span> <span class='ocrx_word' id='word_1_58' title='bbox 200 973 316 1054; x_wconf 80' lang='grc' dir='ltr'><strong><em>οἶός’</em></strong></span> <span class='ocrx_word' id='word_1_59' title='bbox 286 1003 305 1043; x_wconf 92' lang='grc' dir='ltr'><strong><em>τ</em></strong></span> <span class='ocrx_word' id='word_1_60' title='bbox 335 982 423 1042; x_wconf 76' lang='grc' dir='ltr'><strong><em>ἔσοιο</em></strong></span> <span class='ocrx_word' id='word_1_61' title='bbox 441 973 639 1060; x_wconf 80' lang='grc' dir='ltr'><strong><em>ἀνταρκέσαι</em></strong></span> <span class='ocrx_word' id='word_1_62' title='bbox 655 987 723 1053; x_wconf 88' lang='grc' dir='ltr'><strong><em>τοῖς</em></strong></span> <span class='ocrx_word' id='word_1_63' title='bbox 740 975 1007 1061; x_wconf 78' lang='grc' dir='ltr'><strong><em>διαβάλλουσιν</em></strong></span> <span class='ocrx_word' id='word_1_64' title='bbox 990 988 1075 1064; x_wconf 82' lang='grc' dir='ltr'><strong><em>ημᾶς</em></strong></span> 
     </span>
     <span class='ocr_line' id='line_1_9' title="bbox 68 1071 1076 1161; baseline -0.001 -18"><span class='ocrx_word' id='word_1_65' title='bbox 68 1078 125 1144; x_wconf 79' lang='grc' dir='ltr'><strong><em>καί</em></strong></span> <span class='ocrx_word' id='word_1_66' title='bbox 136 1077 353 1159; x_wconf 82' lang='grc' dir='ltr'><strong><em>βουλομένοις</em></strong></span> <span class='ocrx_word' id='word_1_67' title='bbox 363 1078 408 1152; x_wconf 88' lang='grc' dir='ltr'><strong><em>είς</em></strong></span> <span class='ocrx_word' id='word_1_68' title='bbox 418 1077 542 1161; x_wconf 77' lang='grc' dir='ltr'><strong><em>ἔχθραν</em></strong></span> <span class='ocrx_word' id='word_1_69' title='bbox 559 1076 687 1141; x_wconf 74' lang='grc' dir='ltr'><strong><em>ἐλθεῖν·</em></strong></span> <span class='ocrx_word' id='word_1_70' title='bbox 714 1071 886 1158; x_wconf 83' lang='grc' dir='ltr'><strong><em>έύρων</em></strong></span> <span class='ocrx_word' id='word_1_71' title='bbox 848 1098 913 1157; x_wconf 87' lang='grc' dir='ltr'><strong><em>γαρ</em></strong></span> <span class='ocrx_word' id='word_1_72' title='bbox 930 1076 1040 1140; x_wconf 81' lang='grc' dir='ltr'><strong><em>καὶ</em></strong></span> <span class='ocrx_word' id='word_1_73' title='bbox 1003 1100 1076 1142; x_wconf 84' lang='grc' dir='ltr'><strong><em>ποτε</em></strong></span> 
     </span>
     <span class='ocr_line' id='line_1_10' title="bbox 69 1169 1164 1258; baseline 0.001 -19"><span class='ocrx_word' id='word_1_74' title='bbox 69 1176 128 1240; x_wconf 85' lang='grc' dir='ltr'><strong><em>καὶ</em></strong></span> <span class='ocrx_word' id='word_1_75' title='bbox 143 1179 209 1237; x_wconf 85' lang='grc' dir='ltr'><strong><em>νῦν</em></strong></span> <span class='ocrx_word' id='word_1_76' title='bbox 224 1169 293 1258; x_wconf 82' lang='grc' dir='ltr'><strong><em>6ροί</em></strong></span> <span class='ocrx_word' id='word_1_77' title='bbox 310 1170 366 1251; x_wconf 74' lang='grc' dir='ltr'><strong><em>τοὶς</em></strong></span> <span class='ocrx_word' id='word_1_78' title='bbox 376 1171 517 1258; x_wconf 76' lang='grc' dir='ltr'><strong><em>μεγάλας</em></strong></span> <span class='ocrx_word' id='word_1_79' title='bbox 533 1171 649 1251; x_wconf 84' lang='grc' dir='ltr'><strong><em>οὐσίας</em></strong></span> <span class='ocrx_word' id='word_1_80' title='bbox 665 1169 756 1240; x_wconf 73' lang='grc' dir='ltr'><strong><em>καῖ’</em></strong></span> <span class='ocrx_word' id='word_1_81' title='bbox 736 1172 1027 1258; x_wconf 81' lang='grc' dir='ltr'><strong><em>υπερόγκουςτύν</em></strong></span> <span class='ocrx_word' id='word_1_82' title='bbox 1042 1198 1076 1240; x_wconf 87' lang='grc' dir='ltr'><strong><em>τε</em></strong></span> <span class='ocrx_word' id='word_1_83' title='bbox 1158 1190 1164 1199; x_wconf 87' lang='grc'>·</span> 
     </span>
     <span class='ocr_line' id='line_1_11' title="bbox 71 1266 1114 1362; baseline 0.003 -28.041"><span class='ocrx_word' id='word_1_84' title='bbox 71 1274 214 1335; x_wconf 80' lang='grc' dir='ltr'><strong><em>ίδιωτύν</em></strong></span> <span class='ocrx_word' id='word_1_85' title='bbox 232 1272 287 1336; x_wconf 83' lang='grc' dir='ltr'><strong><em>καί</em></strong></span> <span class='ocrx_word' id='word_1_86' title='bbox 305 1276 374 1336; x_wconf 81' lang='grc' dir='ltr'><strong><em>τῶν</em></strong></span> <span class='ocrx_word' id='word_1_87' title='bbox 394 1269 573 1355; x_wconf 87' lang='grc' dir='ltr'><strong><em>μονάρχων</em></strong></span> <span class='ocrx_word' id='word_1_88' title='bbox 592 1268 758 1357; x_wconf 86' lang='grc' dir='ltr'><strong><em>σχεδόν,</em></strong></span> <span class='ocrx_word' id='word_1_89' title='bbox 737 1291 870 1362; x_wconf 81' lang='grc' dir='ltr'><strong><em>οσμπερ</em></strong></span> <span class='ocrx_word' id='word_1_90' title='bbox 888 1266 932 1339; x_wconf 75' lang='grc' dir='ltr'><strong><em>οἶν</em></strong></span> <span class='ocrx_word' id='word_1_91' title='bbox 946 1275 1076 1358; x_wconf 86' lang='grc' dir='ltr'><strong><em>μείζους</em></strong></span> <span class='ocrx_word' id='word_1_92' title='bbox 1094 1289 1114 1337; x_wconf 83' lang='lat' dir='ltr'>D</span> 
     </span>
     <span class='ocr_line' id='line_1_12' title="bbox 71 1358 1077 1471; baseline 0.003 -37"><span class='ocrx_word' id='word_1_93' title='bbox 71 1358 141 1451; x_wconf 70' lang='grc' dir='ltr'><strong><em>αἷσι,</em></strong></span> <span class='ocrx_word' id='word_1_94' title='bbox 153 1366 299 1457; x_wconf 85' lang='grc' dir='ltr'><strong><em>τοσούτμ</em></strong></span> <span class='ocrx_word' id='word_1_95' title='bbox 313 1374 448 1448; x_wconf 88' lang='grc' dir='ltr'><strong><em>πλείους</em></strong></span> <span class='ocrx_word' id='word_1_96' title='bbox 459 1372 513 1436; x_wconf 80' lang='grc' dir='ltr'><strong><em>καί</em></strong></span> <span class='ocrx_word' id='word_1_97' title='bbox 524 1374 652 1454; x_wconf 88' lang='grc' dir='ltr'><strong><em>μείζους</em></strong></span> <span class='ocrx_word' id='word_1_98' title='bbox 668 1368 747 1449; x_wconf 86' lang='grc' dir='ltr'><strong><em>τούς</em></strong></span> <span class='ocrx_word' id='word_1_99' title='bbox 765 1371 1005 1471; x_wconf 79' lang='grc' dir='ltr'><strong><em>διαβάλλοντας</em></strong></span> <span class='ocrx_word' id='word_1_100' title='bbox 1021 1368 1077 1437; x_wconf 79' lang='grc' dir='ltr'><strong><em>καὶ</em></strong></span> 
     </span>
     <span class='ocr_line' id='line_1_13' title="bbox 67 1435 1074 1556; baseline 0.004 -25"><span class='ocrx_word' id='word_1_101' title='bbox 67 1463 151 1546; x_wconf 87' lang='grc' dir='ltr'><strong><em>πρός</em></strong></span> <span class='ocrx_word' id='word_1_102' title='bbox 160 1435 288 1552; x_wconf 72' lang='grc' dir='ltr'><strong><em>ἡδονήν</em></strong></span> <span class='ocrx_word' id='word_1_103' title='bbox 299 1467 407 1552; x_wconf 84' lang='grc' dir='ltr'><strong><em>μετάα</em></strong></span> <span class='ocrx_word' id='word_1_104' title='bbox 409 1469 655 1555; x_wconf 78' lang='grc' dir='ltr'><strong><em>ίσχρᾶςβλάβης</em></strong></span> <span class='ocrx_word' id='word_1_105' title='bbox 664 1465 864 1555; x_wconf 76' lang='grc' dir='ltr'><strong><em>ὁμιλοῦντας</em></strong></span> <span class='ocrx_word' id='word_1_106' title='bbox 874 1472 1074 1556; x_wconf 80' lang='grc' dir='ltr'><strong><em>τρεφούσας,</em></strong></span> 
     </span>
     <span class='ocr_line' id='line_1_14' title="bbox 65 1555 1076 1655; baseline 0.004 -24"><span class='ocrx_word' id='word_1_107' title='bbox 65 1555 111 1631; x_wconf 84' lang='grc' dir='ltr'><strong><em>ού</em></strong></span> <span class='ocrx_word' id='word_1_108' title='bbox 122 1562 228 1632; x_wconf 84' lang='grc' dir='ltr'><strong><em>κακόν</em></strong></span> <span class='ocrx_word' id='word_1_109' title='bbox 240 1562 342 1632; x_wconf 76' lang='grc' dir='ltr'><strong><em>ουδὲν</em></strong></span> <span class='ocrx_word' id='word_1_110' title='bbox 351 1572 460 1651; x_wconf 85' lang='grc' dir='ltr'><strong><em>μεῖζον</em></strong></span> <span class='ocrx_word' id='word_1_111' title='bbox 470 1592 574 1654; x_wconf 91' lang='grc' dir='ltr'><strong><em>γεννα</em></strong></span> <span class='ocrx_word' id='word_1_112' title='bbox 561 1566 728 1646; x_wconf 82' lang='grc' dir='ltr'><strong><em>πλοῦτός</em></strong></span> <span class='ocrx_word' id='word_1_113' title='bbox 738 1592 775 1635; x_wconf 90' lang='grc' dir='ltr'><strong><em>τε</em></strong></span> <span class='ocrx_word' id='word_1_114' title='bbox 791 1563 880 1637; x_wconf 68' lang='grc' dir='ltr'><strong><em>καῖ’</em></strong></span> <span class='ocrx_word' id='word_1_115' title='bbox 862 1596 883 1654; x_wconf 82' lang='grc' dir='ltr'><em>η</em></span> <span class='ocrx_word' id='word_1_116' title='bbox 900 1576 957 1655; x_wconf 83' lang='grc' dir='ltr'><strong><em>τῆς</em></strong></span> <span class='ocrx_word' id='word_1_117' title='bbox 972 1566 1076 1652; x_wconf 86' lang='grc' dir='ltr'><strong><em>άλλης</em></strong></span> 
     </span>
     <span class='ocr_line' id='line_1_15' title="bbox 65 1655 1075 1784; baseline 0.003 -56"><span class='ocrx_word' id='word_1_118' title='bbox 65 1660 215 1741; x_wconf 78' lang='grc' dir='ltr'><strong><em>ἐξουσίας</em></strong></span> <span class='ocrx_word' id='word_1_119' title='bbox 226 1663 374 1749; x_wconf 89' lang='grc' dir='ltr'><strong><em>δυναμις</em></strong></span> <span class='ocrx_word' id='word_1_120' title='bbox 390 1660 520 1784; x_wconf 76' lang='grc' dir='ltr'><strong><em>ὅμωςδ</em></strong></span> <span class='ocrx_word' id='word_1_121' title='bbox 533 1655 596 1730; x_wconf 84' lang='grc' dir='ltr'><strong><em>ούν</em></strong></span> <span class='ocrx_word' id='word_1_122' title='bbox 605 1688 715 1732; x_wconf 90' lang='grc' dir='ltr'><strong><em>παντα</em></strong></span> <span class='ocrx_word' id='word_1_123' title='bbox 725 1691 829 1731; x_wconf 88' lang='grc' dir='ltr'><strong><em>ταυτα</em></strong></span> <span class='ocrx_word' id='word_1_124' title='bbox 839 1672 966 1750; x_wconf 85' lang='grc' dir='ltr'><strong><em>χαιρειν</em></strong></span> <span class='ocrx_word' id='word_1_125' title='bbox 976 1664 1075 1743; x_wconf 74' lang='grc' dir='ltr'><strong><em>ἔασας</em></strong></span> 
     </span>
     <span class='ocr_line' id='line_1_16' title="bbox 65 1752 1074 1848; baseline 0.004 -20"><span class='ocrx_word' id='word_1_126' title='bbox 65 1752 186 1846; x_wconf 78' lang='grc' dir='ltr'><strong><em>ἦλθον,</em></strong></span> <span class='ocrx_word' id='word_1_127' title='bbox 207 1766 381 1847; x_wconf 84' lang='grc' dir='ltr'><strong><em>διαυοηθεί</em></strong></span> <span class='ocrx_word' id='word_1_128' title='bbox 380 1789 406 1846; x_wconf 88' lang='grc' dir='ltr'><strong><em>ς,</em></strong></span> <span class='ocrx_word' id='word_1_129' title='bbox 425 1759 469 1840; x_wconf 75' lang='grc' dir='ltr'><strong><em>ὡς</em></strong></span> <span class='ocrx_word' id='word_1_130' title='bbox 486 1760 608 1830; x_wconf 79' lang='grc' dir='ltr'><strong><em>οὐδένα</em></strong></span> <span class='ocrx_word' id='word_1_131' title='bbox 625 1766 678 1829; x_wconf 88' lang='grc' dir='ltr'><strong><em>δεῖ</em></strong></span> <span class='ocrx_word' id='word_1_132' title='bbox 695 1787 765 1831; x_wconf 90' lang='grc' dir='ltr'><strong><em>των</em></strong></span> <span class='ocrx_word' id='word_1_133' title='bbox 784 1765 873 1848; x_wconf 80' lang='grc' dir='ltr'><strong><em>ἐμων</em></strong></span> <span class='ocrx_word' id='word_1_134' title='bbox 889 1788 915 1848; x_wconf 80' lang='grc' dir='ltr'><strong>φ</strong></span> <span class='ocrx_word' id='word_1_135' title='bbox 916 1769 997 1830; x_wconf 89' lang='grc' dir='ltr'><strong><em>ίλωυ</em></strong></span> <span class='ocrx_word' id='word_1_136' title='bbox 1018 1761 1074 1847; x_wconf 84' lang='grc' dir='ltr'><strong><em>έμε</em></strong></span> 
     </span>
     <span class='ocr_line' id='line_1_17' title="bbox 63 1856 1073 1948; baseline 0 -22"><span class='ocrx_word' id='word_1_137' title='bbox 63 1863 246 1945; x_wconf 76' lang='grc' dir='ltr'><strong><em>αἰτιᾶσθαι,</em></strong></span> <span class='ocrx_word' id='word_1_138' title='bbox 260 1857 303 1938; x_wconf 85' lang='grc' dir='ltr'><strong><em>ὡς</em></strong></span> <span class='ocrx_word' id='word_1_139' title='bbox 314 1857 369 1927; x_wconf 82' lang='grc' dir='ltr'><strong><em>διά</em></strong></span> <span class='ocrx_word' id='word_1_140' title='bbox 380 1856 441 1945; x_wconf 81' lang='grc' dir='ltr'><strong><em>τὴν</em></strong></span> <span class='ocrx_word' id='word_1_141' title='bbox 457 1857 540 1946; x_wconf 83' lang='grc' dir='ltr'><strong><em>έμὴν</em></strong></span> <span class='ocrx_word' id='word_1_142' title='bbox 556 1862 728 1948; x_wconf 78' lang='grc' dir='ltr'><strong><em>ρᾳθυμίαν</em></strong></span> <span class='ocrx_word' id='word_1_143' title='bbox 744 1858 785 1927; x_wconf 81' lang='grc' dir='ltr'><strong><em>τά</em></strong></span> <span class='ocrx_word' id='word_1_144' title='bbox 802 1862 946 1944; x_wconf 79' lang='grc' dir='ltr'><strong><em>σφέτερα</em></strong></span> <span class='ocrx_word' id='word_1_145' title='bbox 965 1858 1073 1927; x_wconf 90' lang='grc' dir='ltr'><strong><em>πάντα</em></strong></span> 
     </span>
     <span class='ocr_line' id='line_1_18' title="bbox 65 1957 1110 2047; baseline 0.001 -21"><span class='ocrx_word' id='word_1_146' title='bbox 65 1957 140 2039; x_wconf 82' lang='grc' dir='ltr'><strong><em>έξόν</em></strong></span> <span class='ocrx_word' id='word_1_147' title='bbox 150 1958 194 2046; x_wconf 78' lang='grc' dir='ltr'><strong><em>μὴ</em></strong></span> <span class='ocrx_word' id='word_1_148' title='bbox 206 1958 392 2029; x_wconf 77' lang='grc' dir='ltr'><strong><em>ἀπολέσθαι</em></strong></span> <span class='ocrx_word' id='word_1_149' title='bbox 404 1962 555 2029; x_wconf 75' lang='grc' dir='ltr'><strong><em>διώλετο·</em></strong></span> <span class='ocrx_word' id='word_1_150' title='bbox 576 1960 688 2029; x_wconf 78' lang='grc' dir='ltr'><strong><em>ἐλθόν</em></strong></span> <span class='ocrx_word' id='word_1_151' title='bbox 701 1964 747 2047; x_wconf 88' lang='grc' dir='ltr'><strong><em>δέ,</em></strong></span> <span class='ocrx_word' id='word_1_152' title='bbox 767 1959 869 2028; x_wconf 86' lang='grc' dir='ltr'><strong><em>οίσθα</em></strong></span> <span class='ocrx_word' id='word_1_153' title='bbox 884 1958 950 2046; x_wconf 76' lang='grc' dir='ltr'><strong><em>γὰρ</em></strong></span> <span class='ocrx_word' id='word_1_154' title='bbox 967 1959 1008 2047; x_wconf 79' lang='grc' dir='ltr'><strong><em>δὴ</em></strong></span> <span class='ocrx_word' id='word_1_155' title='bbox 1027 1959 1070 2027; x_wconf 86' lang='grc' dir='ltr'><strong><em>σύ</em></strong></span> <span class='ocrx_word' id='word_1_156' title='bbox 1089 1987 1110 2036; x_wconf 78' lang='lat' dir='ltr'>E</span> 
     </span>
     <span class='ocr_line' id='line_1_19' title="bbox 64 2055 1073 2146; baseline 0.003 -24"><span class='ocrx_word' id='word_1_157' title='bbox 64 2056 175 2123; x_wconf 88' lang='grc' dir='ltr'><strong><em>πάντα</em></strong></span> <span class='ocrx_word' id='word_1_158' title='bbox 185 2055 371 2125; x_wconf 81' lang='grc' dir='ltr'><strong><em>τάντεῦθεν</em></strong></span> <span class='ocrx_word' id='word_1_159' title='bbox 380 2058 445 2144; x_wconf 81' lang='grc' dir='ltr'><strong><em>ἤδη</em></strong></span> <span class='ocrx_word' id='word_1_160' title='bbox 461 2057 636 2144; x_wconf 89' lang='grc' dir='ltr'><strong><em>γενόμενα,</em></strong></span> <span class='ocrx_word' id='word_1_161' title='bbox 654 2056 717 2144; x_wconf 72' lang='grc' dir='ltr'><strong><em>ἐγώ</em></strong></span> <span class='ocrx_word' id='word_1_162' title='bbox 735 2061 797 2144; x_wconf 66' lang='grc' dir='ltr'><strong><em>μὲν</em></strong></span> <span class='ocrx_word' id='word_1_163' title='bbox 811 2058 928 2146; x_wconf 80' lang='grc' dir='ltr'><strong><em>ἠξίουν</em></strong></span> <span class='ocrx_word' id='word_1_164' title='bbox 946 2058 987 2144; x_wconf 81' lang='grc' dir='ltr'><strong><em>δή</em></strong></span> <span class='ocrx_word' id='word_1_165' title='bbox 1005 2082 1073 2126; x_wconf 86' lang='grc' dir='ltr'><strong><em>που</em></strong></span> 
     </span>
     <span class='ocr_line' id='line_1_20' title="bbox 65 2151 1073 2242; baseline 0.005 -23"><span class='ocrx_word' id='word_1_166' title='bbox 65 2154 150 2220; x_wconf 74' lang='grc' dir='ltr'><strong><em>κατὰ</em></strong></span> <span class='ocrx_word' id='word_1_167' title='bbox 165 2154 228 2239; x_wconf 80' lang='grc' dir='ltr'><strong><em>τὴν</em></strong></span> <span class='ocrx_word' id='word_1_168' title='bbox 239 2151 420 2241; x_wconf 79' lang='grc' dir='ltr'><strong><em>ὁμολογίαν</em></strong></span> <span class='ocrx_word' id='word_1_169' title='bbox 429 2164 498 2224; x_wconf 76' lang='grc' dir='ltr'><strong><em>των</em></strong></span> <span class='ocrx_word' id='word_1_170' title='bbox 509 2159 690 2224; x_wconf 73' lang='grc' dir='ltr'><strong><em>ἐπιστολῶν</em></strong></span> <span class='ocrx_word' id='word_1_171' title='bbox 700 2166 834 2242; x_wconf 76' lang='grc' dir='ltr'><strong><em>πρῶτον</em></strong></span> <span class='ocrx_word' id='word_1_172' title='bbox 843 2160 905 2242; x_wconf 83' lang='grc' dir='ltr'><strong><em>μὲν</em></strong></span> <span class='ocrx_word' id='word_1_173' title='bbox 916 2157 1073 2241; x_wconf 76' lang='grc' dir='ltr'><strong><em>κατάγειν</em></strong></span> 
     </span>
     <span class='ocr_line' id='line_1_21' title="bbox 64 2250 1074 2341; baseline 0.004 -24"><span class='ocrx_word' id='word_1_174' title='bbox 64 2256 181 2318; x_wconf 86' lang='grc' dir='ltr'><strong><em>Δίωνα</em></strong></span> <span class='ocrx_word' id='word_1_175' title='bbox 192 2252 462 2340; x_wconf 79' lang='grc' dir='ltr'><strong><em>οἰκειωσάμενον,</em></strong></span> <span class='ocrx_word' id='word_1_176' title='bbox 473 2254 609 2341; x_wconf 80' lang='grc' dir='ltr'><strong><em>φράζων</em></strong></span> <span class='ocrx_word' id='word_1_177' title='bbox 617 2255 679 2340; x_wconf 78' lang='grc' dir='ltr'><strong><em>τὴν</em></strong></span> <span class='ocrx_word' id='word_1_178' title='bbox 689 2254 881 2339; x_wconf 82' lang='grc' dir='ltr'><strong><em>οίκειότητα,</em></strong></span> <span class='ocrx_word' id='word_1_179' title='bbox 893 2250 937 2339; x_wconf 78' lang='grc' dir='ltr'><strong><em>ἣν</em></strong></span> <span class='ocrx_word' id='word_1_180' title='bbox 954 2257 984 2321; x_wconf 87' lang='grc' dir='ltr'><strong><em>εί</em></strong></span> <span class='ocrx_word' id='word_1_181' title='bbox 1001 2254 1074 2338; x_wconf 81' lang='grc' dir='ltr'><strong><em>ἐμοὶ</em></strong></span> 
     </span>
     <span class='ocr_line' id='line_1_22' title="bbox 65 2347 1071 2439; baseline 0.005 -25"><span class='ocrx_word' id='word_1_182' title='bbox 65 2348 141 2415; x_wconf 86' lang='grc' dir='ltr'><strong><em>τότε</em></strong></span> <span class='ocrx_word' id='word_1_183' title='bbox 152 2351 299 2436; x_wconf 82' lang='grc' dir='ltr'><strong><em>ἐπείθου,</em></strong></span> <span class='ocrx_word' id='word_1_184' title='bbox 317 2352 390 2437; x_wconf 82' lang='grc' dir='ltr'><strong><em>τάχ’</em></strong></span> <span class='ocrx_word' id='word_1_185' title='bbox 408 2347 451 2420; x_wconf 85' lang='grc' dir='ltr'><strong><em>άν</em></strong></span> <span class='ocrx_word' id='word_1_186' title='bbox 467 2355 598 2439; x_wconf 84' lang='grc' dir='ltr'><strong><em>βέλτιον</em></strong></span> <span class='ocrx_word' id='word_1_187' title='bbox 619 2353 688 2419; x_wconf 75' lang='grc' dir='ltr'><strong><em>τῶν</em></strong></span> <span class='ocrx_word' id='word_1_188' title='bbox 708 2358 775 2419; x_wconf 81' lang='grc' dir='ltr'><strong><em>νῦν</em></strong></span> <span class='ocrx_word' id='word_1_189' title='bbox 792 2349 983 2437; x_wconf 86' lang='grc' dir='ltr'><strong><em>γεγονότων</em></strong></span> <span class='ocrx_word' id='word_1_190' title='bbox 997 2356 1071 2437; x_wconf 76' lang='grc' dir='ltr'><strong><em>ἔσχε</em></strong></span> 
     </span>
     <span class='ocr_line' id='line_1_23' title="bbox 66 2445 1070 2536; baseline 0.009 -28"><span class='ocrx_word' id='word_1_191' title='bbox 66 2471 123 2510; x_wconf 89' lang='grc' dir='ltr'><strong><em>και</em></strong></span> <span class='ocrx_word' id='word_1_192' title='bbox 112 2446 193 2512; x_wconf 83' lang='grc' dir='ltr'><strong><em>σοὶ</em></strong></span> <span class='ocrx_word' id='word_1_193' title='bbox 208 2450 264 2513; x_wconf 81' lang='grc' dir='ltr'><strong><em>καὶ</em></strong></span> <span class='ocrx_word' id='word_1_194' title='bbox 275 2450 509 2532; x_wconf 85' lang='grc' dir='ltr'><strong><em>Συρακούσαις</em></strong></span> <span class='ocrx_word' id='word_1_195' title='bbox 525 2454 581 2518; x_wconf 80' lang='grc' dir='ltr'><strong><em>καὶ</em></strong></span> <span class='ocrx_word' id='word_1_196' title='bbox 599 2465 668 2529; x_wconf 89' lang='grc' dir='ltr'><strong><em>τοῖς</em></strong></span> <span class='ocrx_word' id='word_1_197' title='bbox 683 2449 796 2530; x_wconf 80' lang='grc' dir='ltr'><strong><em>ἅλλοις</em></strong></span> <span class='ocrx_word' id='word_1_198' title='bbox 806 2445 1012 2536; x_wconf 65' lang='grc' dir='ltr'><strong><em>Ἕλλησιν,“</em></strong></span> <span class='ocrx_word' id='word_1_199' title='bbox 990 2446 1070 2535; x_wconf 80' lang='grc' dir='ltr'><strong><em>ωςὴ</em></strong></span> 
     </span>
     <span class='ocr_line' id='line_1_24' title="bbox 66 2538 1071 2629; baseline 0.007 -19"><span class='ocrx_word' id='word_1_200' title='bbox 66 2538 127 2627; x_wconf 80' lang='grc' dir='ltr'><strong><em>ἐμὴ</em></strong></span> <span class='ocrx_word' id='word_1_201' title='bbox 149 2541 228 2621; x_wconf 83' lang='grc' dir='ltr'><strong><em>δόξα</em></strong></span> <span class='ocrx_word' id='word_1_202' title='bbox 250 2547 459 2629; x_wconf 84' lang='grc' dir='ltr'><strong><em>μαντεύεται·</em></strong></span> <span class='ocrx_word' id='word_1_203' title='bbox 485 2555 595 2617; x_wconf 84' lang='grc' dir='ltr'><strong><em>ἔπειτα</em></strong></span> <span class='ocrx_word' id='word_1_204' title='bbox 615 2548 654 2616; x_wconf 77' lang='grc' dir='ltr'><strong><em>τά</em></strong></span> <span class='ocrx_word' id='word_1_205' title='bbox 680 2555 811 2628; x_wconf 88' lang='grc' dir='ltr'><strong><em>Δίωνος</em></strong></span> <span class='ocrx_word' id='word_1_206' title='bbox 830 2549 911 2628; x_wconf 79' lang='grc' dir='ltr'><strong><em>τοὺς</em></strong></span> <span class='ocrx_word' id='word_1_207' title='bbox 928 2553 1071 2624; x_wconf 85' lang='grc' dir='ltr'><strong><em>οίκείονς</em></strong></span> 
     </span>
     <span class='ocr_line' id='line_1_25' title="bbox 67 2636 1140 2734; baseline 0.007 -29"><span class='ocrx_word' id='word_1_208' title='bbox 67 2645 154 2724; x_wconf 77' lang='grc' dir='ltr'><strong><em>ἔχειν</em></strong></span> <span class='ocrx_word' id='word_1_209' title='bbox 168 2636 284 2724; x_wconf 78' lang='grc' dir='ltr'><strong><em>ἠξίουν</em></strong></span> <span class='ocrx_word' id='word_1_210' title='bbox 302 2644 411 2709; x_wconf 82' lang='grc' dir='ltr'><strong><em>καί</em></strong></span> <span class='ocrx_word' id='word_1_211' title='bbox 370 2671 415 2729; x_wconf 80' lang='grc' dir='ltr'><strong><em>μη</em></strong></span> <span class='ocrx_word' id='word_1_212' title='bbox 434 2651 666 2734; x_wconf 87' lang='grc' dir='ltr'><strong><em>διανείμασθαι</em></strong></span> <span class='ocrx_word' id='word_1_213' title='bbox 687 2647 766 2726; x_wconf 84' lang='grc' dir='ltr'><strong><em>τούς</em></strong></span> <span class='ocrx_word' id='word_1_214' title='bbox 787 2648 1070 2731; x_wconf 78' lang='grc' dir='ltr'><strong><em>διανειμαμένους,</em></strong></span> <span class='ocrx_word' id='word_1_215' title='bbox 1087 2669 1140 2724; x_wconf 75' lang='lat'><strong><em>313</em></strong></span> 
     </span>
     <span class='ocr_line' id='line_1_26' title="bbox 67 2736 1076 2836; baseline 0.002 -30"><span class='ocrx_word' id='word_1_216' title='bbox 67 2736 127 2817; x_wconf 79' lang='grc' dir='ltr'><strong><em>οὓς</em></strong></span> <span class='ocrx_word' id='word_1_217' title='bbox 141 2737 242 2807; x_wconf 84' lang='grc' dir='ltr'><strong><em>οίσθα</em></strong></span> <span class='ocrx_word' id='word_1_218' title='bbox 252 2740 312 2807; x_wconf 90' lang='grc' dir='ltr'><strong><em>σύ</em></strong></span> <span class='ocrx_word' id='word_1_219' title='bbox 335 2739 464 2824; x_wconf 70' lang='grc' dir='ltr'><strong><em>πρδςδὲ</em></strong></span> <span class='ocrx_word' id='word_1_220' title='bbox 474 2745 603 2826; x_wconf 89' lang='grc' dir='ltr'><strong><em>τούτοις</em></strong></span> <span class='ocrx_word' id='word_1_221' title='bbox 617 2773 712 2836; x_wconf 78' lang='grc' dir='ltr'><strong><em>ωμιγν</em></strong></span> <span class='ocrx_word' id='word_1_222' title='bbox 723 2745 846 2813; x_wconf 88' lang='grc' dir='ltr'><strong><em>δεῖν</em></strong></span> <span class='ocrx_word' id='word_1_223' title='bbox 809 2771 850 2810; x_wconf 90' lang='grc' dir='ltr'><strong><em>τα</em></strong></span> <span class='ocrx_word' id='word_1_224' title='bbox 867 2767 929 2809; x_wconf 91' lang='grc' dir='ltr'><strong><em>κατ</em></strong></span> <span class='ocrx_word' id='word_1_225' title='bbox 932 2740 1076 2809; x_wconf 83' lang='grc' dir='ltr'><strong><em>’-έυιαυ</em></strong></span> 
     </span>
     <span class='ocr_line' id='line_1_27' title="bbox 66 2837 1072 2930; baseline 0.003 -25"><span class='ocrx_word' id='word_1_226' title='bbox 66 2835 278 2906; x_wconf 84' lang='grc' dir='ltr'><strong><em>τόνεκαστον</em></strong></span> <span class='ocrx_word' id='word_1_227' title='bbox 289 2837 485 2906; x_wconf 87' lang='grc' dir='ltr'><strong><em>είιοθότα’</em></strong></span> <span class='ocrx_word' id='word_1_228' title='bbox 443 2866 533 2930; x_wconf 83' lang='grc' dir='ltr'><strong><em>αυτμ</em></strong></span> <span class='ocrx_word' id='word_1_229' title='bbox 519 2850 734 2929; x_wconf 74' lang='grc' dir='ltr'><strong><em>’κομίζεσθαι</em></strong></span> <span class='ocrx_word' id='word_1_230' title='bbox 744 2844 799 2908; x_wconf 80' lang='grc' dir='ltr'><strong><em>καί</em></strong></span> <span class='ocrx_word' id='word_1_231' title='bbox 815 2845 943 2924; x_wconf 84' lang='grc' dir='ltr'><strong><em>μᾶλλον</em></strong></span> <span class='ocrx_word' id='word_1_232' title='bbox 959 2842 1007 2906; x_wconf 80' lang='grc' dir='ltr'><strong><em>ἔτι</em></strong></span> <span class='ocrx_word' id='word_1_233' title='bbox 1017 2842 1072 2908; x_wconf 79' lang='grc' dir='ltr'><strong><em>καὶ</em></strong></span> 
     </span>
     <span class='ocr_line' id='line_1_28' title="bbox 67 2928 1071 3059; baseline 0.001 -56"><span class='ocrx_word' id='word_1_234' title='bbox 67 2931 127 3021; x_wconf 82' lang='grc' dir='ltr'><strong><em>οὐχ</em></strong></span> <span class='ocrx_word' id='word_1_235' title='bbox 142 2928 243 3022; x_wconf 79' lang='grc' dir='ltr'><strong><em>ἧττον</em></strong></span> <span class='ocrx_word' id='word_1_236' title='bbox 259 2939 343 3056; x_wconf 79' lang='grc' dir='ltr'><strong><em>ἐμοῦ</em></strong></span> <span class='ocrx_word' id='word_1_237' title='bbox 360 2942 632 3025; x_wconf 81' lang='grc' dir='ltr'><strong><em>παραγενομένου</em></strong></span> <span class='ocrx_word' id='word_1_238' title='bbox 648 2946 844 3059; x_wconf 85' lang='grc' dir='ltr'><strong><em>πέμπεσθαι.</em></strong></span> <span class='ocrx_word' id='word_1_239' title='bbox 864 2934 995 3005; x_wconf 86' lang='grc' dir='ltr'><strong><em>τούτων</em></strong></span> <span class='ocrx_word' id='word_1_240' title='bbox 1010 2935 1071 3004; x_wconf 88' lang='grc' dir='ltr'><strong><em>ού-</em></strong></span> 
     </span>
     <span class='ocr_line' id='line_1_29' title="bbox 68 3030 1071 3122; baseline 0.006 -24"><span class='ocrx_word' id='word_1_241' title='bbox 68 3030 163 3111; x_wconf 84' lang='grc' dir='ltr'><strong><em>δενὸς</em></strong></span> <span class='ocrx_word' id='word_1_242' title='bbox 183 3034 358 3119; x_wconf 84' lang='grc' dir='ltr'><strong><em>τυγχάνον</em></strong></span> <span class='ocrx_word' id='word_1_243' title='bbox 373 3031 523 3122; x_wconf 79' lang='grc' dir='ltr'><strong><em>ἠξίουν’</em></strong></span> <span class='ocrx_word' id='word_1_244' title='bbox 503 3042 643 3103; x_wconf 85' lang='grc' dir='ltr'><strong><em>απιέναι.</em></strong></span> <span class='ocrx_word' id='word_1_245' title='bbox 667 3034 705 3103; x_wconf 82' lang='grc' dir='ltr'><strong><em>τό</em></strong></span> <span class='ocrx_word' id='word_1_246' title='bbox 723 3035 804 3122; x_wconf 82' lang='grc' dir='ltr'><strong><em>μετά</em></strong></span> <span class='ocrx_word' id='word_1_247' title='bbox 820 3042 925 3104; x_wconf 83' lang='grc' dir='ltr'><strong><em>ταύτα</em></strong></span> <span class='ocrx_word' id='word_1_248' title='bbox 941 3039 1071 3117; x_wconf 73' lang='grc' dir='ltr'><strong><em>ἔπειθές</em></strong></span> 
     </span>
     <span class='ocr_line' id='line_1_30' title="bbox 67 3131 1070 3222; baseline 0.007 -24"><span class='ocrx_word' id='word_1_249' title='bbox 67 3156 107 3217; x_wconf 86' lang='grc' dir='ltr'><strong><em>με</em></strong></span> <span class='ocrx_word' id='word_1_250' title='bbox 117 3145 225 3217; x_wconf 91' lang='grc' dir='ltr'><strong><em>μεῖναι</em></strong></span> <span class='ocrx_word' id='word_1_251' title='bbox 235 3131 467 3220; x_wconf 80' lang='grc' dir='ltr'><strong><em>τόνένιαυτόν,</em></strong></span> <span class='ocrx_word' id='word_1_252' title='bbox 481 3134 623 3221; x_wconf 81' lang='grc' dir='ltr'><strong><em>φάσκων</em></strong></span> <span class='ocrx_word' id='word_1_253' title='bbox 640 3134 702 3222; x_wconf 77' lang='grc' dir='ltr'><strong><em>τὴν</em></strong></span> <span class='ocrx_word' id='word_1_254' title='bbox 718 3142 848 3215; x_wconf 88' lang='grc' dir='ltr'><strong><em>Δίωνος</em></strong></span> <span class='ocrx_word' id='word_1_255' title='bbox 864 3132 1070 3222; x_wconf 76' lang='grc' dir='ltr'><strong><em>ἀποδόμενος</em></strong></span> 
     </span>
     <span class='ocr_line' id='line_1_31' title="bbox 67 3228 1069 3322; baseline 0.007 -25"><span class='ocrx_word' id='word_1_256' title='bbox 67 3228 187 3299; x_wconf 86' lang='grc' dir='ltr'><strong><em>ούσίαν</em></strong></span> <span class='ocrx_word' id='word_1_257' title='bbox 203 3240 315 3299; x_wconf 78' lang='grc' dir='ltr'><strong><em>πᾶσαν</em></strong></span> <span class='ocrx_word' id='word_1_258' title='bbox 331 3230 372 3300; x_wconf 80' lang='grc' dir='ltr'><strong><em>τά</em></strong></span> <span class='ocrx_word' id='word_1_259' title='bbox 393 3232 455 3319; x_wconf 75' lang='grc' dir='ltr'><strong><em>μὲν</em></strong></span> <span class='ocrx_word' id='word_1_260' title='bbox 470 3231 589 3320; x_wconf 76' lang='grc' dir='ltr'><strong><em>ἡμίσεα</em></strong></span> <span class='ocrx_word' id='word_1_261' title='bbox 607 3231 812 3322; x_wconf 76' lang='grc' dir='ltr'><strong><em>ἀποπέμψειν</em></strong></span> <span class='ocrx_word' id='word_1_262' title='bbox 829 3241 875 3313; x_wconf 89' lang='grc' dir='ltr'><strong><em>είς</em></strong></span> <span class='ocrx_word' id='word_1_263' title='bbox 884 3235 1069 3321; x_wconf 87' lang='grc' dir='ltr'><strong><em>Κόρινθον,</em></strong></span> 
     </span>
     <span class='ocr_line' id='line_1_32' title="bbox 66 3328 1104 3421; baseline 0.001 -24"><span class='ocrx_word' id='word_1_264' title='bbox 66 3330 106 3397; x_wconf 78' lang='grc' dir='ltr'><strong><em>τά</em></strong></span> <span class='ocrx_word' id='word_1_265' title='bbox 119 3328 152 3396; x_wconf 89' lang='grc' dir='ltr'><strong><em>δ’</em></strong></span> <span class='ocrx_word' id='word_1_266' title='bbox 170 3331 255 3400; x_wconf 77' lang='grc' dir='ltr'><strong><em>ἄλλα</em></strong></span> <span class='ocrx_word' id='word_1_267' title='bbox 271 3339 318 3421; x_wconf 71' lang='grc' dir='ltr'><strong><em>τῷ</em></strong></span> <span class='ocrx_word' id='word_1_268' title='bbox 334 3334 427 3399; x_wconf 81' lang='grc' dir='ltr'><strong><em>παιδὶ</em></strong></span> <span class='ocrx_word' id='word_1_269' title='bbox 441 3339 651 3416; x_wconf 68' lang='grc' dir='ltr'><strong><em>καταλείψειν</em></strong></span> <span class='ocrx_word' id='word_1_270' title='bbox 669 3333 782 3403; x_wconf 87' lang='grc' dir='ltr'><strong><em>αύτού.</em></strong></span> <span class='ocrx_word' id='word_1_271' title='bbox 805 3332 911 3402; x_wconf 81' lang='grc' dir='ltr'><strong><em>πολλοὶ</em></strong></span> <span class='ocrx_word' id='word_1_272' title='bbox 923 3338 1007 3420; x_wconf 75' lang='grc' dir='ltr'><strong><em>ἔχων</em></strong></span> <span class='ocrx_word' id='word_1_273' title='bbox 1021 3341 1070 3402; x_wconf 85' lang='grc' dir='ltr'><strong><em>εί·</em></strong></span> <span class='ocrx_word' id='word_1_274' title='bbox 1085 3353 1104 3398; x_wconf 83' lang='grc' dir='ltr'><strong>Β</strong></span> 
     </span>
     <span class='ocr_line' id='line_1_33' title="bbox 64 3421 1096 3528; baseline 0.007 -30"><span class='ocrx_word' id='word_1_275' title='bbox 64 3442 153 3515; x_wconf 85' lang='grc' dir='ltr'><strong><em>πεῖν,</em></strong></span> <span class='ocrx_word' id='word_1_276' title='bbox 166 3421 214 3498; x_wconf 76' lang='grc' dir='ltr'><strong><em>όν</em></strong></span> <span class='ocrx_word' id='word_1_277' title='bbox 224 3429 452 3520; x_wconf 75' lang='grc' dir='ltr'><strong><em>ὑποσχόμενος</em></strong></span> <span class='ocrx_word' id='word_1_278' title='bbox 460 3430 563 3506; x_wconf 75' lang='grc' dir='ltr'><strong><em>οὐδὲν</em></strong></span> <span class='ocrx_word' id='word_1_279' title='bbox 575 3438 747 3528; x_wconf 81' lang='grc' dir='ltr'><strong><em>ἐποίησας,</em></strong></span> <span class='ocrx_word' id='word_1_280' title='bbox 755 3431 864 3504; x_wconf 65' lang='grc' dir='ltr'><strong><em>διδτὶι</em></strong></span> <span class='ocrx_word' id='word_1_281' title='bbox 875 3439 1019 3517; x_wconf 50' lang='lat' dir='ltr'><strong><em>mm</em></strong></span> <span class='ocrx_word' id='word_1_282' title='bbox 1028 3427 1096 3491; x_wconf 52' lang='lat'><strong><em>*2³³-</em></strong></span> 
     </span>
    </p>
   </div>
   <div class='ocr_carea' id='block_1_3' title="bbox 0 0 1208 3764">
    <p class='ocr_par' dir='ltr' id='par_1_3' title="bbox 0 0 1208 3764">
     <span class='ocr_line' id='line_1_34' title="bbox 0 0 1208 3764; baseline 0 0"><span class='ocrx_word' id='word_1_283' title='bbox 0 0 1208 3764; x_wconf 95' lang='lat' dir='ltr'><strong><em> </em></strong></span> 
     </span>
    </p>
   </div>
  </div>
 </body>
</html>
