2422 3758
108 217 170 282 140
281 293 285 300 ,
504 218 734 285 κσιοΧοΣ.

108 381 152 448 σύ
164 376 300 466 μὲνγὰρ
312 377 400 447 οὕτω
412 387 519 459 λαλεῖς
530 376 575 458 ἀς
583 381 618 458 ἐξ
628 377 781 447 ἀπόπτου
792 379 972 468 θεώμενος,
983 379 1078 469 η’μείς
1089 383 1116 452 δ’

108 488 204 564 ἴσμεν
222 475 457 565 ἀκριβέστερον
474 473 581 547 οίιδιά
604 484 719 565 πείρας
734 478 848 556 ἰόντες.
871 484 973 565 δῆμος
992 481 1070 567 γάρ,
1090 474 1118 548 οἷ

106 583 183 662 φίλε
203 574 390 659 Σώκρατες,
406 573 595 661 ἀχάριστον,
610 572 791 661 ἁψίκορον,
808 573 910 662 ἀμόν,
931 576 1116 697 βάσκμυον,

108 669 357 758 ἀπαίδευτον,“
334 699 378 752 ας
390 667 434 741 ἀν
451 676 740 793 συνηρμνισμέυρν
758 676 794 743 ἐκ
811 672 998 759 σύγκλυδας
1013 673 1117 760 όχλου

70 775 165 842 Βκοδ
193 777 312 857 βιαίων
339 767 518 888 φλυάρων
552 769 629 841 οδε
655 771 762 861 τούτῳ
788 773 1116 859 προσεταιριζόμενος

106 867 311 956 ἀθλιώτερος
325 875 457 988 μακρῷ.

189 973 265 1035 m.
286 963 403 1034 Οτιότε
415 958 489 1050 οὖν,
499 991 525 1032 ω
514 957 717 1050 Ἀξίοχε,
681 992 743 1053 την
754 941 1042 1091 ίλευθεριυτύτην
1049 971 1115 1035 ἐπι-

105 1064 233 1152 στήμην
244 1069 454 1133 τίθεσαιτοίυ
465 1060 629 1131 λοιπων’
609 1063 903 1150 απευκταιοτάτην,
917 1070 954 1142 τί
970 1066 1028 1145 τοὶς
1044 1075 1115 1134 λοι-

105 1161 170 1240 πάς
189 1161 413 1245 ἐπιτηδεύσεις
439 1160 658 1246 ἐνυοήσομευ;
683 1158 725 1227 ού
745 1162 907 1244 φευκτύς;
932 1162 1061 1248 ἤκουσα
1079 1167 1117 1233 δέ

105 1282 184 1326 ποτε
196 1260 252 1325 κοιλ
264 1265 324 1325 τοῦ
334 1262 506 1342 Προδίκου
518 1260 683 1342 λέγοντος,
695 1255 747 1325 ότι
761 1255 780 1324 ό
791 1256 939 1339 θάνατος
950 1251 1028 1328 ούτε
1039 1265 1115 1347 περὶ

105 1354 183 1433 τούς
194 1355 318 1435 ζῶντός
329 1357 419 1422 ἐστιν
430 1355 508 1422 ούτε
519 1358 594 1439 περὶ
608 1353 687 1434 τούς
698 1354 945 1442 μετηλλαχότος.

190 1454 258 1527 ΑΞ.
278 1458 357 1530 Πῶς
370 1450 446 1540 φῄς,
459 1444 690 1539 ύΣοόκρατεςς

190 1553 240 1617 ΙΧ.
262 1557 337 1617 Σίδ.
352 1547 424 1617 Ὅτι
433 1552 509 1634 περὶ
520 1550 581 1637 μὲν
598 1548 677 1630 τούς
694 1557 816 1633 ζῶντας
831 1548 893 1621 ούκ
911 1558 1011 1639 ἔστιν,
1030 1558 1064 1622 οί
1077 1556 1114 1624 δὲ

67 1663 87 1714 c
105 1646 336 1728 ἀποθανόντες
347 1647 410 1717 ούκ
421 1655 514 1719 εἰσίν.
538 1648 623 1718 ὥστε
634 1649 712 1718 ούτε
730 1653 806 1735 περὶ
822 1650 859 1719 σὲ
874 1656 940 1719 νύν
956 1654 1057 1737 ἐστίν,
1073 1650 1114 1719 ού

103 1745 168 1832 χάρ
180 1753 356 1834 τέθνηκας,
374 1746 451 1815 οὔτε
472 1757 506 1817 εί
515 1774 547 1816 τι
564 1746 698 1832 πόθοις,
715 1753 805 1816 ἔσται
821 1752 896 1834 περὶ
912 1750 963 1816 σε’·
987 1748 1029 1814 σύ
1047 1748 1114 1835 γὰρ

105 1842 167 1913 ούκ
179 1850 255 1916 ἔσει.
283 1846 421 1931 μάταιος
431 1837 495 1914 οὖν
506 1844 527 1932 ἡ
540 1845 640 1933 λύπη,
657 1849 731 1932 περὶ
747 1854 809 1914 τού
826 1845 906 1932 μήτε
921 1845 1017 1924 ὄντος
1030 1847 1113 1933 μήτε

103 1945 264 2032 ἐσομένου
275 1947 350 2027 περὶ
360 1942 503 2031 Ἀξίοχον
511 1942 655 2030 Ἀξίοχον
667 1941 861 2029 ὀδύρεσθαι,
873 1946 929 2011 καλ
939 1940 1058 2029 ὅμοιον
1069 1942 1113 2024 ὡς

103 2048 135 2111 εί
148 2041 292 2128 περὶτῆς
305 2040 461 2129 Σκύλλης
475 2038 497 2128 ἢ
512 2050 573 2110 τοῦ
583 2042 780 2127 Κενταύρου
794 2067 843 2118 τις
860 2038 1026 2126 όδύροιτο,
1044 2049 1112 2108 τῶν

103 2137 183 2261 μητε
193 2139 303 2209 όντων
314 2142 390 2226 περὶ
400 2140 437 2209 σὲ
447 2140 528 2228 μήτε
540 2137 682 2226 ὕστερον
697 2137 778 2225 μετά
794 2137 856 2226 τὴν
868 2136 1024 2223 τελευτὴν
1036 2141 1112 2205 ἐσο-

103 2241 222 2323 με’νων.
246 2237 283 2306 τό
298 2240 363 2324 χάρ
375 2239 523 2325 φοβερόν
534 2252 601 2317 τοίς
611 2230 691 2306 ούσί
676 2244 710 2306 ίν
724 2240 807 2305 ἐστι·
828 2251 896 2317 τοίς
913 2234 942 2305 δ’
959 2233 1023 2306 ούκ
1034 2229 1112 2305 οὖσι

68 2356 86 2404 D
106 2343 175 2412 ποις
186 2362 228 2403 αν
242 2346 308 2422 εδης

188 2439 255 2508 ΑΞ.
278 2429 332 2499 Σύ
344 2431 405 2517 μεν
417 2435 452 2499 ἐκ
464 2429 831 2518 τηςέπιπολαζούσης
795 2457 836 2500 τοι
846 2439 913 2500 νῦν
924 2398 1112 2519 λεσχηνείας

103 2527 142 2596 τά
155 2526 244 2614 σοφὰ
256 2535 360 2648 τμῦτα
371 2538 517 2614 είρηκας·
540 2529 724 2597 ἐκελθεν’
681 2554 745 2614 χορ
755 2533 846 2598 ἐστιν
855 2526 942 2615 ἥδε
925 2556 947 2616 η
959 2539 1112 2649 ρλυαρο-

103 2632 208 2713 λοχία,
220 2624 304 2711 πρός
314 2652 353 2694 τα
365 2627 519 2713 μειράκια
531 2630 830 2715 διακεκοσμημένη·
847 2628 903 2714 ἐμε
914 2625 980 2695 δε
960 2655 980 2713 η
994 2631 1112 2714 στι-’ρη-

103 2746 153 2805 σις
163 2734 232 2794 τῶν
244 2724 386 2813 ἀγαθῶν
396 2732 457 2795 τοῦ
468 2731 639 2813 ζῇνλυπεί,
647 2721 712 2793 κάν
718 2728 970 2812 πιθανωτέρους
981 2723 1112 2792 τούτων

102 2822 223 2910 λόγους
234 2821 277 2892 ἀν
286 2826 493 2913 τικροτήσης,
502 2818 529 2892 ό
539 2824 727 2912 Σώκρατες.
739 2823 802 2894 οὐκ
813 2821 989 2909 ἐπαλειγάρ
999 2820 1018 2891 ὁ
1030 2831 1112 2902 νοῦς

101 2922 385 3010 ἀποπλανώμενος
396 2930 442 3004 είς
452 2922 603 3004 εύεπείας
619 2924 742 3011 λόγων,
760 2921 839 2991 οὐδὲ
853 2919 992 2991 ἀπτεται
1006 2931 1111 2990 ταῦτα

101 3028 157 3106 τῆς
170 3022 355 3107 ὁμοχροίας,
367 3021 441 3090 ἀλλ’
461 3030 507 3102 εἰς
523 3024 584 3111 μὲν
600 3022 738 3110 πομπὴν
754 3024 809 3090 καὶ
822 3020 978 3109 ρημάτυν
993 3017 1111 3104 ἀχλαί-

102 3116 187 3203 σμόν
203 3117 328 3205 ἀνύτει,
345 3127 403 3206 τῆς
421 3125 458 3189 δὲ
476 3121 635 3207 ἀληθείας
650 3119 782 3188 ἀποδεῖ·
808 3118 849 3188 τοὶ
873 3118 909 3188 δὲ
928 3118 1110 3205 παθήματα

64 3231 84 3280 Ε
102 3215 317 3301 σοφισμάτων
328 3214 391 3284 οὐκ
402 3217 562 3304 ἀνέχεται,
578 3217 694 3305 μόνοις
707 3215 744 3285 δὲ
761 3215 909 3305 ἀρκεῖται
918 3229 987 3294 τοῖς
1005 3220 1110 3283 δυνα-

96 3316 210 3395 μένοις
221 3317 423 3385 καθικέσθαι
433 3326 490 3403 τῆς
500 3322 615 3403 ψυχῆς.
