2408 3764
128 167 171 233 σε
455 160 789 253 σιιιεεοκιιηῑ

130 328 201 418 τόν,
214 326 261 398 δι’
276 325 358 396 αὐτὸ
372 331 472 393 τούτο
486 322 594 405 εὐθύς
606 325 801 413 ὠφελήθην.
824 325 918 396 τοῦτ’
934 321 999 397 οὐν
1011 334 1138 400 διασω-

129 425 271 516 στέον,”
249 451 341 505 οπως
351 419 394 491 άν
406 420 588 512 αὐξάνηται
601 421 682 493 ἀεὶ
663 437 745 511 ημῖν
763 422 857 512 ήάπ’
877 423 1034 514 ἀλλήλων
1047 427 1140 519 666-

127 534 210 595 λεια.
232 525 291 596 καὶ
298 519 363 609 ἐγω
375 548 443 590 νυν
455 548 537 591 τουτ
562 518 645 591 αὐτο
635 519 936 611 παρασκευάζων
933 551 1004 593 των
1014 552 1052 596 τε
1062 537 1140 599 Πυ-

126 628 319 713 θαγορείων
337 624 456 744 πέμπω
474 641 529 692 σοι
547 625 605 691 καί
622 628 692 693 τῶν
713 623 924 713 διαιρέσεων,
937 629 997 705 καὶ
1018 623 1138 718 ἄνδρα,

88 743 108 795 c
128 723 240 810 ὥσπερ
253 719 393 790 ἐδόκει
376 735 457 810 ημῖν
468 721 580 814 τότε,
567 713 595 790 6
604 748 643 809 χε
655 742 698 791 συ
686 718 783 807 καί
777 724 945 811 Αρχύτης,
957 723 1088 845 είκερ“
1064 752 1139 813 ηκει

128 821 219 911 παρά
231 840 270 889 σε
278 818 447 942 Ἀρχύτρς,
459 827 607 909 χρῆσθαι
624 818 831 893 δύναισθ’
808 847 863 891 αν.
884 825 956 891 ἐστι
973 821 1051 892 δὲ”
1029 849 1139 912 ονομα

127 923 190 1009 μὲν
208 919 357 1010 Ἑλίκων,
378 946 416 989 το
405 918 473 989 δέ
493 921 591 1006 γένος
607 922 645 989 ἐκ
662 927 824 1011 Κυζίκου,
841 921 995 1008 μαθητής
1011 923 1051 990 δὲ
1066 920 1137 999 66-

128 1019 231 1101 δόξου
246 1022 392 1107 καὶπερὶ
404 1014 565 1087 πάντατά
577 1020 710 1087 ἐκείνου
728 1020 820 1088 πάνυ
836 1023 1018 1108 χαριέντως
1035 1025 1133 1108 έχων·

128 1122 177 1189 ἐτι
196 1116 233 1187 δὲ
251 1122 308 1187 καλ
324 1124 393 1185 τῶν
412 1114 621 1204 Ἰσοκράτους
642 1123 806 1204 μαθητῶν
823 1143 870 1209 τρι
885 1118 1068 1204 ξυμμέμονε
1082 1121 1138 1189 καὶ

126 1221 309 1310 Πολυξένῳ
320 1223 390 1286 νύν
399 1214 584 1304 Βρύσωνός
595 1240 665 1284 τινι,
674 1215 833 1304 ἑταίρων·
846 1212 866 1283 6
878 1216 916 1285 δέ
927 1217 1074 1293 σπάνιον
1085 1221 1139 1289 ἐπὶ

128 1317 273 1405 τούτοις,
285 1312 366 1384 ούτε
376 1311 493 1400 άχαρίς
509 1315 601 1383 ἐστιν
618 1315 771 1401 ἐντυχεῖν
788 1310 869 1385 οὐτε
886 1316 1050 1401 κακοήθει
1066 1320 1138 1387 ἐοι-

127 1442 200 1504 κεν,
211 1412 296 1484 άλλά
307 1419 436 1502 μάλλον
448 1409 594 1500 ἐλαφρὸς
609 1415 666 1481 καί
684 1410 813 1500 εὐήθης
831 1411 960 1495 δόξειεν
975 1407 1019 1483 άν
1036 1411 1149 1484 εἶναι·

90 1541 112 1592 n
130 1511 251 1597 δεδιάς
265 1509 303 1583 δὲ
321 1513 407 1599 λέγω
420 1517 536 1600 ταῦτα,
552 1509 603 1580 ὅτι
620 1509 706 1600 ὑπὲρ
723 1509 914 1602 άνθρύτιου
931 1515 1032 1595 δόξαν
1049 1506 1132 1581 660-

128 1619 302 1701 φαίνομαι,
325 1609 368 1681 οὐ
390 1613 527 1701 φαύλον
556 1610 656 1700 ζύον,
678 1608 753 1681 ἀλλ’
780 1610 1021 1702 εὐμεταβόλου,
1039 1609 1137 1700 πλήν

128 1717 220 1786 πάνυ
237 1715 364 1802 ὀλίγων
374 1719 479 1783 τινύν
491 1715 613 1795 καθείς
623 1711 738 1801 ύλίχα·
760 1715 832 1785 ἐπεὶ
846 1715 902 1784 καλ
919 1717 997 1802 περὶ
1012 1713 1137 1783 τούτου

128 1814 345 1904 φοβουμενος
355 1811 569 1882 καλαπιστων
581 1811 863 1894 έσκοπονναυτος
873 1839 910 1882 τε
920 1813 1138 1902 έντυμχανων
1185 1814 1187 1818 ’

129 1917 185 1982 καλ
196 1912 441 2000 ἐπυνθανόμην
452 1918 521 1981 τάν
532 1918 681 1981 πολιτοῖν
692 1909 810 2000 αὐτού,
831 1914 888 1980 καλ
904 1909 1018 1993 οὐδεὶς
1034 1910 1137 2015 οὐδὲν

129 2019 286 2101 φλαυρον
296 2009 433 2100 ἔλεγε
400 2038 461 2080 τον
472 2007 590 2133 ἄνδρα.
616 2011 735 2080 σκόπει
753 2014 791 2078 δὲ
809 2015 865 2079 καί
882 2008 985 2092 αὐτὸς
1003 2009 1116 2080 καλ’
1079 2039 1138 2081 ευ-

128 2118 247 2201 λαβού.
268 2111 411 2199 μάλιστα
431 2111 494 2197 μὲν
516 2103 592 2197 οὐν,
616 2104 660 2176 άν
680 2105 770 2177 καὶ
754 2116 948 2178 οπωστιούν
965 2111 1135 2199 σχολάζῃς,

90 2236 112 2287 Ε
129 2211 285 2298 μάνθανε
299 2208 379 2299 παρ’
395 2206 501 2279 αὐτον
490 2210 570 2277 καλ
580 2202 684 2283 τάλλα
696 2209 895 2295 φιλοσόφει·
919 2213 950 2276 εί
936 2210 1057 2276 λ’δέ
1011 2236 1068 2306 μη,
1080 2212 1137 2279 ἐκ·

128 2315 262 2389 δίδαξαί
267 2336 354 2397 τινα,
365 2313 423 2377 ἵνα
434 2333 518 2375 κατα
505 2303 656 2391 σχολήν
672 2305 861 2390 μανθάνων
876 2312 1019 2393 βελτίων
1037 2314 1137 2428 χίμνη

128 2410 184 2475 καὶ
196 2405 379 2494 εὐδοξής,”
359 2416 450 2485 οπὼς
462 2429 499 2472 το
487 2401 560 2472 δι’
575 2402 633 2489 έμδ
644 2402 855 2490 ὐφελείσθαί
864 2422 902 2472 σε
914 2403 959 2493 μὴ
972 2402 1061 2496 άνιή.
1080 2409 1137 2475 καὶ

126 2501 305 2590 ταῦταμὲν
316 2502 358 2588 δη
369 2527 484 2589 ταυτη
626 2527 628 2531 ·

58 2632 109 2688 351
167 2604 302 2690 Περὶ
312 2592 389 2669 δέ
361 2626 411 2667 ων
422 2600 613 2678 ἐπέστελλές
626 2623 684 2685 μοι
696 2597 907 2688 άτοπέμπειν
919 2624 983 2693 σοι,
1000 2601 1134 2685 τὸνμὲν

124 2702 274 2775 Ἀπόλλω
286 2698 495 2786 ἐποιησάμην
507 2723 544 2766 τε
561 2696 650 2766 καλ”
628 2725 703 2786 υμει
717 2718 773 2769 σοι
786 2709 964 2792 Λεπτίνης,
980 2704 1061 2768 νέον
1077 2701 1134 2765 κοιλ

127 2801 263 2928 ρἰχαθού
281 2802 508 2922 δημιουρχού·
532 2794 695 2885 ὅνομαδ’
721 2803 813 2870 ἔστιν
835 2801 927 2892 αὐτμ
913 2793 1131 2882 Λεωχάρης.

125 2903 244 2993 ἕτερον
255 2900 292 2969 δέ
302 2894 385 2987 παρ’
399 2895 490 2989 αὐτω
478 2890 638 2986 Πύργον
614 2925 659 2986 ην
676 2897 768 2968 πάνυ
780 2898 922 2987 κομψόν,
941 2891 987 2977 ὥς
1003 2891 1131 2965 ἐδόκει·

119 2989 343 3090 ἐπριάμην
298 3023 364 3067 ονν
375 2994 458 3066 αὐτὸ
477 2997 688 3086 βουλόμενός
705 3016 769 3066 σου
786 3022 827 3086 τη
813 2997 982 3082 χνναιιιλ
998 2997 1131 3084 δούναι,

119 3098 173 3173 ὅτι
195 3125 263 3186 μου
286 3098 478 3185 ἐπεμελείτο
500 3101 557 3167 καὶ
578 3095 807 3186 ὑγιαίνοντος
814 3096 871 3163 καλ
899 3091 1133 3178 ἀσθενοῦντος

120 3197 220 3282 ἀξίως
231 3200 316 3285 ἐμοῦ
328 3199 430 3266 τεκαὶ
442 3204 522 3266 σού·
546 3197 606 3279 δδς
617 3188 682 3265 οὐν
693 3191 792 3283 αὐτή,
804 3187 848 3261 άν
866 3193 911 3283 μή
928 3220 960 3264 τι
977 3198 1031 3263 σοί
1048 3192 1130 3266 άλλο
1160 3217 1164 3224 ·

119 3300 212 3389 δύξη.
234 3299 353 3384 πέμπω
365 3298 403 3366 δέ
413 3301 469 3367 καὶ
481 3305 579 3366 οίνου
595 3297 737 3385 γλυκέος
754 3294 886 3365 δύδειια
903 3300 1046 3381 σταμνία
1061 3307 1132 3374 τοῖς

106 3400 428 3536 &mame
439 3396 519 3467 δύο·
542 3396 689 3482 ἰσχάδων
701 3394 739 3465 δέ
749 3391 894 3485 ὕστερον
910 3391 1062 3480 ήλθομεν
1072 3397 1133 3477 τῆς
