2408 3764
67 194 103 251 τι
173 149 589 246 ‘552511555502
610 172 945 245 οιΛοΣοοιΑΣ
1014 181 1077 246 ιιι

66 343 160 415 αιλτδν
173 342 249 412 κατά
268 351 392 451 μίμησιν
412 354 473 412 τῶν
489 353 638 451 τραγικῶν
661 341 694 450 τό
709 353 769 446 τηλν
788 353 982 429 τετραλογιολν
1001 344 1078 423 ελδος
1137 360 1141 367 ’

67 436 267 535 ἐπιτηδεῦσαι·
288 425 381 507 αιλτός
381 426 457 536 γάρ
472 429 641 516 διαβάλλων
655 424 762 506 αι’τοιλς
776 432 853 532 λέγει
872 434 981 495 εἴδωλα
994 429 1077 532 5555-

67 526 128 583 λων
146 514 290 623 γράφειν.
306 517 357 579 καλ
376 513 471 593 άλλως
491 518 552 582 ἔστι
553 511 716 620 δεῖξαι,’
700 539 747 578 οτι
761 509 796 578 05
810 523 940 596 μιμεῖται
954 508 1075 590 αιλτοός

66 597 224 666 ἐκεῖνοι
188 626 247 685 γαρ
260 597 293 665 τό
307 608 471 665 τελευταῖον
491 604 531 678 είς
545 595 661 682 ἡδονὴν
670 605 875 701 καταντῶσιν,
899 593 983 675 οδτος
999 593 1060 662 δ’ἐ
1061 624 1079 662 ν

65 711 108 772 τρι
95 688 277 788 Φαίδωνι,
298 682 488 773 τελευταίρολ
470 694 537 750 οντι·
548 691 599 767 τῆς
612 680 729 789 κράτης
741 685 893 784 τετραλόγί
892 707 944 763 ας,
968 677 1023 746 οιλκ
1038 687 1078 759 είς

64 749 380 853 ἡδονὴνκατάντησεν,
398 748 465 832 ἄλλ’
482 764 729 848 είςτελευτὴντοο
716 763 933 874 Σωκράτους
949 791 1006 831 σοι
1017 793 1077 870 αρα

65 860 164 930 καλῶς
174 856 311 957 λέγουσιν
324 856 365 929 ελς
380 858 590 956 τετραλογίας
579 848 756 916 ἐκδεδόσθαι
765 851 839 954 5053
855 846 1060 956 διαλόγονς’
1023 878 1076 914 αυ-

65 944 128 1002 τοῦ.
144 939 195 1000 καλ
212 934 307 1012 άλλως
322 933 411 1012 άλλος
428 938 488 1001 ἐστὶ
501 930 616 1011 σιιοιτδς
625 937 657 999 ἐν
669 961 711 1022 τιμ
700 928 915 1082 Ειλθιλφρονι
926 936 977 997 καλ
990 932 1078 1010 άλλος

65 1022 99 1085 ἐν
112 1045 150 1106 τη
135 1015 318 1107 Ἀπολογία
332 1022 385 1084 καί
399 1017 492 1097 άλλος
500 1021 531 1084 ἐν
544 1044 585 1108 τιμ
572 998 725 1104 Κρίτωνι
739 1019 790 1082 καλ
802 1016 933 1094 άλλοςέν
915 1042 995 1104 νμῳ
974 1022 1077 1081 Φαί-

66 1083 150 1169 δωνλ.

150 1193 251 1250 XXVI.
270 1180 336 1251 Ἵνα
356 1182 433 1252 55
398 1212 456 1290 την
470 1182 571 1297 55555
584 1184 669 1264 τάξιν
682 1184 876 1291 μάθωμεν,’
853 1191 980 1289 είιτωμεγ
994 1190 1075 1267 προλ

65 1296 127 1375 τογ,
143 1274 225 1335 ιτοῖοί
237 1273 311 1335 εἰσιν
329 1275 361 1337 οί
371 1269 469 1377 νόσοι,
485 1274 536 1335 καὶ
550 1269 664 1334 τοιλτων
678 1265 734 1353 τὴν
747 1269 831 1349 τάξιν
833 1266 886 1375 μὴ
902 1267 1075 1352 ζητήσωμεν.

65 1352 172 1431 ιτάντες
181 1359 283 1420 τοίνυν
299 1363 407 1431 κοινῶς
420 1352 596 1460 δμολογοιλσι
606 1350 718 1464 νόθογς
728 1351 842 1419 εἶναι
815 1379 866 1419 τον
877 1359 1015 1463 Σίσυφρν
1025 1354 1077 1456 555

66 1434 118 1505 τόν
132 1437 311 1543 Δημόδοκον
331 1435 434 1503 ιιαλ
382 1465 457 1542 την
474 1433 622 1505 Ἀλκυόνα
641 1440 692 1502 καλ
717 1433 770 1505 τόν
786 1433 924 1544 Ἐργξίαν
938 1440 989 1502 καὶ
1008 1432 1077 1512 τοιλς

67 1530 181 1629 Ορους,
191 1517 242 1599 053
256 1527 297 1599 εἰς
306 1520 502 1588 Σιτειλσιιιτιον
501 1517 732 1628 ἀναφέρουσιν·
751 1550 790 1600 ως
801 1522 845 1599 λς’
864 1519 995 1587 εἶναι’
953 1547 1075 1601 ιταντας,

67 1596 111 1671 αλν
130 1602 161 1670 τὸ
173 1601 344 1689 Ἐιιινόμιον
364 1606 485 1673 νοδεόει
498 1603 514 1672 ιλ
529 1617 612 1684 5503
632 1605 786 1713 Πρόκλος
785 1603 887 1672 διά
856 1635 908 1684 τας
924 1608 1076 1706 εἰρημένας

67 1694 175 1771 αἰτίας,
197 1690 330 1796 ἐκβάλλει
350 1694 382 1758 δὲ
395 1688 491 1757 καλ
459 1718 512 1768 τας
527 1696 681 1768 Πολιτείας
695 1687 786 1757 διά
758 1717 791 1756 το
801 1686 927 1767 πολλοὺς
941 1690 1017 1755 εἶναι
1028 1687 1076 1754 λό-

67 1785 138 1879 γοιλς
153 1778 203 1839 καὶ
215 1804 258 1886 μη
247 1772 454 1885 διαλογικολς
462 1775 644 1882 γεγράφθαι,
660 1778 711 1840 καλ
724 1771 793 1879 5053
803 1774 927 1881 Νόμους
938 1777 970 1838 55
981 1768 1071 1839 διά
1043 1798 1076 1836 το
1143 1816 1147 1827 ·

67 1853 174 1961 αιλτό,
176 1863 227 1924 καὶ
240 1859 292 1937 τάς
304 1856 454 1935 Ἐιτιστο
490 1854 520 1925 δ’
537 1857 673 1963 ἐκβάλλει
686 1855 777 1925 διόι
749 1885 782 1924 το
797 1856 966 1923 άττλοιλν
930 1885 982 1939 της
997 1853 1075 1940 φρά-

67 1964 146 2024 σεως,
156 1939 195 2018 ολς
206 1944 482 2050 κατολιμιτάνεσβαι
493 1939 595 2029 λβ
547 1970 615 2021 τους
626 1941 740 2021 πάντας
751 1941 920 2026 διαλόγους·
933 1939 976 2017 οἷς
986 1965 1074 2025 ιιρος-

66 2029 170 2128 ταβεμέ
170 2051 232 2104 νοις
252 2026 291 2111 ιβ
311 2037 371 2093 τῶν
385 2028 499 2133 Νόμων
513 2031 565 2092 καλ
581 2031 701 2094 δέκα
666 2056 717 2111 της
730 2031 930 2104 Πολιτείας’
898 2051 1031 2128 γινονται
1047 2028 1078 2088 05

67 2107 173 2186 πάντες
187 2108 321 2214 διάλογοι
341 2111 395 2177 νδ’.
411 2111 523 2177 τούτων
537 2114 569 2177 55
581 2111 703 2178 πάντων
724 2108 782 2195 τὴν
795 2111 879 2216 τάξιν
893 2106 962 2213 μὴ
949 2109 1031 2172 ιτάνυ
1046 2134 1075 2171 τι

67 2193 317 2300 χρησιμειλοοσαν,
339 2190 415 2260 άλλιλι
436 2198 487 2261 καλ
491 2192 636 2346 ἔιιιτερβαί
635 2218 745 2263 νουσαν
768 2203 809 2284 τῷ
817 2193 919 2300 μήκει
932 2188 987 2274 τὴν
1000 2197 1074 2276 βρα-

67 2280 207 2380 χυλογίαν
221 2275 362 2390 ιλιιερτγλλέ
362 2276 489 2383 μεθα,λ
491 2283 592 2365 ἐγομεν
613 2278 701 2346 δλΜ
660 2308 675 2347 0
690 2307 705 2346 0
720 2289 803 2356 θεῖος
817 2275 980 2363 Ἰάμβλιχος
995 2278 1073 2380 ἐμοί-

69 2379 152 2461 ηοεν
170 2355 258 2438 αιλτδς
271 2368 373 2430 τοίνυν
385 2362 498 2442 πάντας
513 2370 554 2443 είς
563 2365 603 2450 ιβ
616 2364 711 2453 διῄρει
724 2363 899 2470 διαλόγους,
900 2364 955 2427 καὶ
961 2358 1074 2426 τοότων

67 2438 136 2518 τοιλς
152 2445 206 2524 μὲν
220 2445 365 2527 φυσικοιλς
379 2453 483 2554 ἔλεγεν,
499 2446 567 2527 τοιλς
581 2452 614 2516 δὲ
606 2449 834 2554 θεολογικοός·
855 2449 946 2514 πάλιν
961 2447 993 2511 δὲ
1006 2439 1074 2519 τοὺς

68 2525 183 2592 δάδεκα
205 2530 325 2640 συνῄρει
340 2537 381 2609 εἰς
394 2538 465 2614 δυο,
488 2538 528 2610 εἴς
541 2560 571 2599 τε
585 2530 636 2600 τὸν
650 2540 775 2628 Τίμαιον
789 2538 840 2601 καλ
853 2530 906 2599 τὸν
922 2532 1074 2615 Παρμενί-

67 2605 179 2693 δην,
156 2639 199 2677 ων
211 2608 264 2678 τόν
277 2616 330 2696 μὲν
345 2621 470 2698 Τίμαιον
484 2620 531 2681 ἐττλ
544 2624 617 2682 πάσι
631 2629 693 2696 τοῖς
707 2630 859 2723 γοσικοῖς,
874 2615 938 2683 τόν
935 2618 973 2680 55
986 2622 1073 2694 Παρ-

66 2701 193 2799 μενίδην
203 2706 264 2774 τοῖς
280 2706 472 2803 θεολογικοῐς.
487 2699 599 2766 τοιλτων
615 2703 647 2767 δὲ
660 2701 743 2781 άξιόν
758 2702 858 2767 ἐστι
827 2729 882 2783 την
895 2698 978 2776 τάξιν
989 2702 1073 2776 ζητῆ-

68 2800 127 2862 σαι,
145 2778 220 2847 διότι
235 2784 291 2846 555
298 2779 877 2890 τοότουςηξίωσανπάντεςπράττεσιζαι
888 2789 1005 2885 πρῶτον
1015 2780 1073 2841 τοί-

67 2891 126 2928 νυν
145 2863 238 2930 δελ
209 2892 262 2930 τον
273 2861 467 2975 Ἀλκιβιάδην
481 2866 636 2972 πράττειν,
657 2868 733 2934 διότι
750 2865 833 2934 ἐν’
796 2876 877 2953 αυτρλ
891 2866 1075 2970 γινώσκομεν

68 2949 204 3054 5555053·
221 2949 304 3030 άξιον
319 2950 350 3018 δ’
367 2955 426 3018 ἐστὶ
438 2953 510 3056 5555
525 2946 546 3033 5
560 2978 597 3016 τα
585 2948 667 3031 ἔξω
681 2961 794 3058 γνῶναι
809 2947 930 3027 ἕαυτοιλς
945 2955 1073 3034 γνολναι

66 3040 129 3109 κολς
144 3032 202 3140 γάρ
215 3039 317 3118 ἔχομεν
325 3040 422 3103 ἐκεινα
432 3043 563 3142 γνολναι,
572 3032 723 3114 ἐαυτοιλς’
704 3044 895 3142 αγνοοιλντες;
912 3039 1032 3116 ἔσχατον
1042 3031 1074 3094 δέ

65 3115 156 3220 55
126 3144 179 3183 τον
194 3126 237 3185 Φί
225 3126 344 3205 ίληβον,
361 3117 493 3227 ἐκειδηέ
493 3147 511 3185 ν
525 3147 605 3210 αοτω
592 3124 684 3208 τιερλ
698 3148 750 3228 τογ
736 3118 885 3227 άγαθοιλ
901 3120 1072 3224 διαλέγεται,

67 3225 84 3265 0
99 3225 222 3268 παντων
236 3208 271 3269 ἐ
273 3205 370 3272 ἐκεινά
386 3210 478 3271 ἐστιν·
501 3186 613 3271 οιλκοιλν
627 3209 678 3271 καλ
700 3203 791 3273 αιλτδν
810 3212 859 3311 δεῖ
872 3203 993 3306 πάντων
1009 3202 1073 3265 ἔντε’·

57 3309 152 3351 ικεινα
166 3291 217 3352 555
231 3299 394 3358 τελευταῖον
409 3288 493 3356 εἶναι.
511 3286 580 3395 5053
600 3282 630 3356 δ’
652 3294 684 3356 ἐν
697 3288 828 3399 μέσω’
792 3317 868 3356 ουτω
889 3296 937 3355 δεῖ
945 3285 1072 3352 τάττειν

66 3367 202 3434 ιτέντε’
168 3381 266 3438 ουσολν
280 3405 316 3466 τη
302 3379 409 3457 τάξει
424 3372 500 3440 κατά
514 3374 612 3455 βάθος
625 3384 685 3477 τοῖν
700 3373 822 3464 άριτολν
837 3381 987 3458 φυσιηολν,
1000 3368 1073 3452 550·
