2408 3764
131 226 151 288 ο
224 292 228 297 ,
466 210 808 295 Επιενοππμ

131 383 260 476 μένη,“
237 411 281 470 ην
293 387 324 451 εἴ
332 379 376 468 μή
389 405 437 459 τις
453 378 709 498 ἐξαιρεθήσεται,
727 386 785 464 τῆς
799 373 996 498 ἀληθείμς”
975 403 1082 457 οντως
1101 377 1141 446 οῦ

131 484 177 572 μή
188 508 267 552 ποτε
276 481 376 568 τύχης
399 497 442 545 σν
431 475 490 546 δέ
500 485 600 546 τοῦτο
611 475 695 561 πρὸς
706 479 763 564 ἐμὲ
779 480 816 544 ἐν
826 484 873 566 τῷ
883 475 979 563 κήπῳ
991 472 1057 546 ῦπό
1071 493 1143 560 ταῖς

130 583 273 667 δάφναις
289 574 390 654 αὐτὸς
407 580 540 662 ἔφησθα
559 578 793 663 ’ἐννενοηκέναι
817 544 873 642 κάὶ
894 573 978 642 εἶναι
998 572 1061 643 σὸν
1083 575 1143 645 εῦ-

97 699 116 748 Β
133 699 237 767 ρημα·
258 677 314 743 ιιαῖ
337 674 401 761 ἐγώ
423 671 571 758 εἴπον,”
552 700 603 741 οτι
624 682 723 743 τοῦτο
748 680 779 743 εἴ
796 672 948 758 φαίνοιτό
963 675 1144 757 σοοοῦτως

129 783 224 863 ἐχειν,
233 780 367 842 πολλῶν
373 771 416 860 ἀν
423 783 491 860 εἴης
501 769 610 856 λόγων
621 774 676 859 ἐμὲ
687 772 907 852 άπολελνιαός.
920 770 962 840 οῦ
973 772 1041 860 μήν
1051 772 1142 863 ἀλλω

129 877 169 959 γέ
176 870 253 941 ποτ’
265 878 353 961 ἔφην
364 873 613 958 ἐντετυχηκέναι
622 869 715 939 τοῦθ’
730 870 896 959 εύρηκότι,
908 868 993 939 ἀλλά
1004 869 1142 959 ήπολλή
1176 953 1177 957 ¹

129 997 185 1058 μοι
197 977 403 1062 πραγματεία
414 972 489 1056 περὶ
507 965 599 1035 τοῦτ’
614 977 681 1054 εἴη·
704 962 748 1036 σύ
764 973 800 1038 δὲ
818 980 897 1047 ἴσως
914 967 976 1054 μὲν
993 965 1140 1048 ἀκούσας

130 1096 201 1157 τον,
214 1071 296 1159 τάχα
308 1068 340 1140 δ’
359 1067 403 1138 ἀν
419 1075 497 1158 θείᾳ
515 1072 615 1155 μοίρηι
632 1065 714 1134 κατὰ
732 1066 833 1135 τοῦθ’
853 1065 1010 1154 ὁρμήσας,
1029 1073 1139 1136 ἔπειτα

131 1166 237 1238 αύτοῦ
247 1168 304 1247 τάς
316 1165 497 1246 ἀποδείξεις
510 1163 553 1244 ὡς
565 1171 650 1252 ἔχων
663 1171 804 1252 βεβαίως
818 1164 858 1232 ού
866 1169 1057 1253 κατέδησας,
1068 1163 1136 1234 ἀλλ’

130 1264 317 1345 ἀττειςτοτὲ
328 1267 389 1351 μὲν
407 1260 506 1349 ούτω,
524 1263 597 1331 τοτὲ
615 1266 650 1330 δὲ
668 1261 775 1343 άλλως
789 1266 914 1352 περὶτὰ
932 1264 1141 1351 φανταζόμε-

96 1386 114 1437 c
130 1392 202 1450 νον,
217 1361 253 1431 τό
266 1365 301 1432 δὲ
313 1360 490 1431 ούόένῖστι
500 1369 663 1434 τοιοῦτον.
683 1366 847 1434 καὶτοῦτο
864 1365 906 1433 οῦ
918 1367 968 1433 σοὶ
978 1364 1072 1455 μόνω
1083 1367 1136 1449 γε’-

129 1488 241 1552 γονεν,
255 1460 328 1531 ἀλλ’
346 1455 385 1530 εύ
399 1470 471 1530 ἴσθι
481 1467 608 1548 μηδένα
620 1463 755 1532 ποόποτί
766 1492 832 1551 μον
842 1463 879 1533 τὸ
891 1471 1024 1550 πρῶτον
1034 1461 1134 1529 ἀνού-

130 1583 233 1632 σαντα
257 1565 343 1648 ἔχειν
364 1559 470 1639 άλλως
491 1585 561 1641 πως
582 1558 604 1648 ή
623 1561 712 1630 οὕτω
733 1561 807 1630 κατ’
832 1561 943 1650 ἀρχάς,
965 1563 1019 1630 καὶ
1041 1557 1058 1629 ὁ
1078 1559 1141 1647 μὲν

130 1651 231 1730 π’λεῖοο
243 1662 326 1746 ἔχων
337 1660 523 1746 πράγματα,
535 1657 552 1726 ὁ
566 1661 601 1728 δὲ
612 1660 733 1728 ἐλάττω
751 1661 845 1747 μόγις
864 1660 1139 1744 ἀπαλλάττονται,

130 1754 250 1844 σχεδόν
262 1760 298 1825 δὲ
315 1755 423 1836 οὐδεὶς
435 1755 539 1842 ὀλίγα.
562 1758 691 1825 τούτων
710 1758 750 1844 δή
766 1759 955 1844 γεγονότων
971 1761 1027 1826 καὶ
1045 1754 1140 1843 ἐχόν-

130 1882 198 1924 των
215 1855 303 1924 οῦτω
315 1853 434 1941 οχεῦόν
452 1853 536 1922 κατὰ
552 1854 614 1942 τήν
632 1854 714 1942 ἐμήν
733 1857 833 1937 δόξαν
854 1854 1042 1943 εὑρήκαμεν
1060 1851 1080 1923 ὂ
1097 1852 1140 1921 σῦ

130 1959 326 2041 ἐπέστειλας,
338 1951 429 2034 ὅπως
440 1956 492 2022 δεῖ
499 1950 582 2040 πρὸς
593 1950 757 2042 ἀλλήλους
772 1952 858 2041 ἡμᾶς
874 1958 968 2040 ἔχειν.
988 1955 1059 2021 ἐπεὶ
1075 1950 1140 2039 γάρ

131 2059 314 2141 βασανίζεις
325 2053 410 2121 αῦτά
422 2053 678 2141 ξνγγιγνόμενός
684 2081 719 2123 τε
730 2052 843 2134 ἀλλοις
854 2055 909 2121 ναὶ
919 2052 1140 2137 παραθεώμε-

92 2173 114 2225 1)
132 2175 190 2232 νος
208 2149 298 2239 παρά
319 2149 360 2217 τά
378 2157 446 2218 τῦν
466 2150 578 2219 ἀλλων
597 2154 653 2221 καὶ
673 2149 756 2219 αύτά
778 2148 860 2218 καθ’
884 2146 980 2230 αὑτά,
998 2155 1064 2212 νῦν
1086 2167 1140 2216 σοι

129 2248 292 2332 ταῦτάτε,
306 2246 506 2336 είάληθήςή
520 2248 676 2337 βάσανος,
692 2248 932 2333 προσφύσεται,
950 2245 1005 2311 καὶ
1018 2248 1141 2324 οἴκεῑος

127 2347 258 2427 τούτοις
279 2352 388 2416 τεκαὶ
408 2345 487 2435 ἡμῖν
504 2353 578 2416 ἔσει.
601 2355 671 2427 πῶς
690 2341 753 2415 οῦν
776 2343 841 2431 [οὐ]
856 2340 952 2410 ταῦτ’
972 2345 1062 2409 ἔσται
1084 2346 1139 2412 καὶ

130 2443 271 2514 πάνταά
285 2445 478 2536 εἴρήκαμεν;
499 2446 767 2534 τὸνἈρχέόημον
777 2451 844 2511 νῦν
856 2469 891 2510 τε
902 2439 1015 2527 ὀρθῶς
1026 2444 1140 2527 ἐποίη-

129 2561 189 2621 σας
197 2544 337 2631 πέμψας,
345 2543 442 2613 καὶτὸ
455 2546 583 2630 λοιπόν,
590 2540 725 2613 ἐπειδάν
735 2545 820 2630 ἔλθη
827 2539 911 2626 πρὸς
923 2544 959 2610 σὲ
970 2543 1025 2609 καὶ
1036 2536 1138 2624 ἀπαγ-

129 2648 221 2732 γείλη
236 2638 276 2711 τά
295 2640 374 2729 παρ’
395 2646 488 2729 ἐμοῦ,
507 2645 604 2765 μετά
608 2649 711 2710 ταῦτα
730 2651 809 2722 ἴσως
826 2639 925 2711 ἀλλαι
945 2662 982 2708 σε
1003 2637 1140 2723 ἀπορίαι

128 2744 301 2833 λήψονται.
323 2747 461 2830 πέμψεις
480 2735 543 2809 οῦν
559 2735 670 2828 αὖθις,
688 2736 732 2809 ἀν
748 2737 862 2829 όρθως
877 2737 1036 2826 βονλεύη,
1054 2737 1138 2821 παρ’

128 2841 257 2930 ἐμέτῦν
278 2838 563 2929 Ἀργέῦημον,ὁό’
577 2833 1072 2926 ἐμπορευσόμενοςήξειπάλιν
1085 2837 1139 2901 καὶ

90 2963 112 3014 Ε
129 2949 227 3009 τοῦτο
241 2940 301 3008 ἐάν
312 2935 393 3027 όῖςή
404 2941 473 3024 τρις
484 2937 622 3026 ποιήσῃς
633 2965 688 3006 και
677 2938 886 3047 βασανίσης
901 2929 941 2997 τά
958 2956 1026 3014 παρ
1030 2927 1139 3016 ’ἐμοῦ

128 3037 325 3125 πεμφθέντα
336 3040 469 3123 ίιιιινως,
478 3029 717 3124 θανμαζοιμ
696 3060 739 3099 αν
749 3039 779 3098 εἴ
789 3026 834 3116 μή
846 3024 886 3094 τά
899 3027 1139 3113 πρινάπορού·

129 3161 215 3221 μενοι
227 3133 316 3204 πολύ
327 3156 379 3202 σοι
390 3129 540 3219 όιοίσειή
553 3132 593 3199 τὰ
606 3138 680 3198 νῦν.
707 3133 916 3213 θαρροῦντες
936 3119 1000 3193 οῦν
1017 3139 1138 3194 ποιεῖτε

129 3230 251 3314 οὕτως·
263 3232 305 3302 οῦ
315 3230 360 3320 μή
373 3257 439 3319 γαρ
447 3255 526 3298 ποτε
536 3235 593 3314 τῆς
607 3228 764 3313 ἐμπορίας
774 3223 896 3310 ταύτης
908 3222 985 3290 οῦτε
996 3222 1040 3291 σῦ
1051 3231 1139 3292 στεί-

128 3338 187 3421 λης
204 3329 282 3400 οὔτε
298 3328 494 3454 Ἀρχίδημος
513 3321 750 3414 ἐμπορεύσεται
768 3328 891 3391 καλλίω
909 3324 964 3391 καῖ
980 3330 1138 3406 θεοφιλε-

45 3442 105 3496 ¹¹1
119 3433 251 3512 στέρνα
266 3425 418 3519 εύλαβοῦ
426 3431 541 3518 μέντοι
551 3421 596 3514 μή
608 3447 687 3492 ποτε
698 3422 818 3510 ἐκπέσῃ
828 3426 934 3489 ταῦτα
945 3425 991 3500 εἴς
1000 3419 1139 3508 ἀνθρά-
