2408 3764
124 155 186 218 148
295 122 299 130 ’
506 152 738 211 Αποιαου
1082 162 1085 166 ·
1114 154 1132 208 ι

122 315 179 400 ι’ίλη
191 317 388 418 ὑποβέβληται
404 319 463 375 τῶν
477 310 599 393 μόθων,
616 310 707 388 οὕτως
721 339 761 396 τῳ
749 305 937 414 66666392‘
922 337 942 391 η
958 273 1130 415 φιλόσοφος,

123 404 252 466 τουτέστι
273 395 309 463 τά
327 391 402 480 πρὸς
419 401 607 477 φιλοσοφίαν.
629 392 661 460 τό
678 395 717 461 δὲ
727 391 798 477 μετά
812 401 863 475 τῆς
870 389 1046 496 πρεπούσης
1060 390 1132 474 ἠθο

123 491 222 560 ποιΐας
235 490 293 546 τῶν
303 482 617 585 παραλαμβανομένων
625 479 800 563 προσώπων,
814 474 923 542 *διότι*
935 474 1092 560 διαφορων
1103 477 1133 540 έν

123 576 184 642 τοῖς
198 563 310 666 λόγοις
309 561 403 626 όντων
417 561 468 626 τὸν
483 569 515 645 βλ
515 589 564 639 ον,
581 570 640 626 τῶν
655 564 709 666 μὲν
724 560 906 643 φιλοσόφων,
923 567 983 624 τῶν
999 562 1032 625 δέ
1046 579 1131 663 σοφι-

124 656 239 723 στικῶν,
255 673 290 710 τα
279 643 399 710 ολκεῖα
413 643 482 748 666
492 650 542 710 δεῖ
554 615 667 710 έκάστω
683 640 868 749 ἀνατιθέναι,
884 669 925 732 ‘etp
912 645 993 725 μέν
1008 640 1131 724 φιλοσό-

124 759 173 820 φω
187 727 219 795 τό
235 739 373 834 γενναῖον
387 724 482 794 καλ
453 755 485 794 το
505 727 620 833 διπλοῦν
634 711 685 793 666
700 726 732 794 τό
748 707 926 831 φιλάληθες,
942 753 982 813 τρι
970 729 1032 792 δὲ
1047 746 1130 808 σοφι-

123 821 214 900 στικῷ
228 840 261 878 το
250 811 411 879 ποικίλον
425 809 523 876 καλτο
535 817 718 915 παλίμβολον
732 816 783 877 καὶ
802 838 835 876 το
826 791 1021 914 φιλόδοξον,
1044 837 1085 897 τρι
1072 811 1138 875 δὲ·

123 903 263 962 ι’διωτικω
283 923 316 962 το
304 893 450 962 ολκείον.
474 899 530 960 έπλ
540 894 654 972 τούτοις
675 900 758 1004 φησὶ
764 898 814 960 καὶ
828 903 880 977 της
894 889 969 958 κατὰ
984 891 1040 976 τὴν
1055 875 1131 972 λέξιν
1165 895 1169 911 “

123 964 319 1085 κατασκευης·
341 984 392 1046 καλ
413 978 492 1062 μάλα
507 978 683 1056 eln6zw3·‘
665 1007 703 1055 ως
717 978 782 1087 γάρ
803 987 839 1066 τῆ
859 982 1011 1082 τραγωδλα
1031 981 1131 1042 κάλ’
1096 1004 1130 1065 τη

123 1062 306 1170 κωμωδίγ
279 1091 311 1130 τυ
327 1069 434 1129 ολκεῐον
448 1066 554 1148 μέτρον
573 1069 622 1128 δεῖ
638 1074 777 1165 παρεῖναι
790 1043 841 1127 κάλ
851 1089 888 1150 τη
874 1044 1040 1174 λεγομένῃ
1055 1067 1130 1126 λστο-

124 1146 217 1235 ρλα
188 1177 221 1215 το
236 1147 370 1230 πλάσμα,
392 1145 486 1224 οότοις
505 1150 557 1212 καὶ
577 1155 619 1234 τῷ
642 1146 770 1254 διαλόγχι
791 1143 846 1228 τὴν
861 1151 972 1211 οἰκείαν
988 1148 1067 1224 λέξιν
1081 1148 1132 1211 καλ

123 1215 281 1309 σόνθεσιν,
304 1235 428 1314 ἔχουσαν
449 1228 482 1297 τὸ
495 1212 642 1310 Ἀττικόν,
663 1228 696 1296 τὸ
719 1232 840 1335 εὔχαρι,
857 1256 889 1294 το
877 1226 1076 1314 ἀπέριττον,
1097 1224 1128 1295 τό

123 1313 266 1392 ἀνενδεές.
288 1319 314 1378 ελ
328 1318 360 1379 δέ
372 1342 415 1392 τις
433 1315 586 1421 λεγόμενος
589 1285 686 1421 λόγος
700 1311 741 1398 μὴ
756 1311 894 1399 καθάπερ
910 1312 993 1378 εἷπον
1008 1318 1130 1381 εἰδοποι-

124 1400 265 1503 ρόμενος,
283 1392 342 1462 ἀλλ’
361 1396 505 1501 ένδεὴς“
482 1426 524 1463 ων
546 1399 658 1465 τούτων
670 1403 785 1502 λέγοιτο
801 1394 876 1462 εἶναι
898 1396 1061 1502 διάλογος,-
1074 1392 1130 1463 οόιι

123 1480 224 1584 ὀρθῶς
245 1478 284 1545 ἀν
303 1483 424 1565 λέγοιτο
452 1479 528 1546 οότω
547 1479 579 1545 τὸ
600 1479 682 1587 παρά
702 1487 834 1548 Θονκυδί
834 1488 872 1585 δη
891 1480 1048 1586 λεγόμενον
1061 1489 1131 1560 [των

123 1564 319 1670 δυνάμεων]ε
306 1561 511 1630 εἰδοποιεῖν
460 1592 534 1667 την
553 1565 683 1671 ἰδιότητα
699 1575 758 1630 τῶν
774 1565 920 1650 διαλόγων
941 1562 976 1630 06
995 1564 1127 1671 φήσομεν

123 1649 201 1715 εἶναι
223 1648 376 1753 διάλογον,
398 1644 473 1713 6666
487 1657 601 1731 μᾶλλον
623 1649 678 1716 δύο
693 1656 872 1735 δημηγορίας
887 1645 949 1714 κατ’
965 1649 1129 1734 ε’νθόμησιν

123 1729 263 1816 ἀλληλοις
273 1729 568 1881 ἀναγεγραμμένας.

207 1828 255 1883 111:
273 1811 411 1884 Ἐπελ
374 1844 430 1883 οον
448 1818 465 1882 6
485 1823 514 1882 τί
530 1843 602 1883 ποτε
595 1815 727 1884 ’ἐστινὸ
745 1795 882 1921 διάλογος
896 1818 1128 1921 τεθεωρήκαμεν,

122 1906 239 1987 περλ
202 1929 255 1984 της
269 1908 415 1987 διαφορᾶς
430 1897 522 1966 αότοῦ
535 1911 588 1968 τοῦ
603 1898 678 1969 κατά
694 1901 844 1967 Πλάτωνα
859 1900 998 2014 διαλόγου
1012 1908 1128 1986 ἴδωμεν,

121 1990 252 2051 τουτέστι
272 1989 338 2070 περὶ
351 1995 410 2050 τῶν
423 1983 631 2070 χαρακτήρων,
648 1985 735 2051 πόσοι
748 2012 788 2051 τε
772 1990 914 2050 ἐἰσιν
882 2013 910 2050 οι
925 1981 1066 2051 ἀνωτάτω
1080 1989 1130 2051 καλ

121 2069 210 2135 πόσοι
235 2071 355 2135 ἐκείνων
379 2067 636 2175 ὑποδιαιρεθέντες
656 2075 696 2148 εἰς
716 2067 785 2148 τοός
808 2065 934 2175 ἀτόμους
961 2069 1129 2173 ἐστήσαντο.

122 2157 189 2239 περλ
209 2145 319 2236 μέν
284 2180 339 2218 ουν
356 2154 578 2304 χαρακτήρωνὲ
571 2157 604 2220 έν
623 2165 683 2251 τοῖς
688 2159 771 2304 έέξης
791 2153 948 2219 τελεώτατα
954 2151 1040 2263 μετὰ
1056 2153 1129 2220 ὑπο-

122 2246 240 2342 γραφῆς
256 2236 406 2343 εἰρήσεται,
424 2241 578 2343 έυθαδεδέ
580 2242 736 2346 γνωστέον
746 2247 885 2304 τοσοῦτον
896 2240 963 2347 περὶ
977 2245 1036 2302 τῶν
1051 2235 1129 2304 ἀνω·

122 2320 199 2383 τάτω
219 2321 427 2423 χαρακτήρων,
449 2321 493 2386 ότι
508 2321 589 2387 660'
577 2350 681 2399 οντων,
699 2321 885 2404 δφηγητικοῦ
900 2348 951 2385 και
942 2324 1129 2404 ζητητικοῦ,

123 2427 139 2464 ο
128 2397 244 2502 ’μέν
229 2399 412 2505 υφηγητικὸς
433 2403 576 2508 ἥρμοσται
590 2402 665 2490 πρός
682 2407 876 2469 διδασκαλίαν
890 2431 941 2468 και
932 2407 1064 2489 πρᾶξιν
1079 2409 1131 2515 κοιλ

124 2479 275 2586 ἀπόδειξιν
295 2492 347 2547 τοῦ
367 2481 515 2589 ἀληθοῦς,
539 2484 555 2550 6
578 2490 611 2552 δέ
631 2479 780 2590 ζητητικός
798 2482 872 2571 πρὸς
891 2495 1059 2594 γυμνασίαν
1078 2493 1131 2554 καὶ

125 2561 228 2672 ἀγῶνα
244 2567 295 2629 κοιλ
314 2569 432 2668 ἔλεγχον
452 2576 504 2632 τοῦ
525 2568 669 2649 ψεύδους
697 2574 748 2636 καὶ
769 2569 815 2636 ότι
835 2597 850 2636 ο
872 2569 961 2653 μέν’
945 2567 1128 2674 υφηγητικδς

124 2658 184 2716 τῶν
201 2647 382 2756 πραγμάτων
404 2649 582 2756 στοχάζεται,
612 2652 628 2718 ὁ
651 2656 683 2720 66
695 2658 852 2763 ζητητικὸς
871 2683 931 2721 των
953 2651 1126 2738 προσοίκων

123 2743 183 2801 τῶν
202 2725 312 2817 μέν
276 2762 330 2800 ουν
349 2733 510 2812 Πλάτωνος
530 2735 703 2843 διαλόγων
688 2738 903 2826 υπάγονται
873 2768 914 2805 τω
936 2741 989 2822 μέν
1008 2745 1127 2837 φυσικῷ

124 2816 140 2884 6
160 2822 293 2922 Τίμαιος,
315 2846 356 2906 τιμ
344 2823 404 2886 δέ
423 2815 557 2906 ἠθικῷ
542 2848 562 2903 η
576 2817 744 2928 Ἀπολογία,
767 2834 808 2913 τῷ
830 2827 862 2889 66
877 2806 986 2908 λόγικω
1004 2801 1126 2903 Θεάγης,

123 2900 284 3007 Κρατύλος,
299 2884 403 2982 Λόσις,
419 2904 579 3009 Σοφιστάς,
591 2906 704 2991 Λάχης,
717 2891 890 2983 Πολίτικός,
903 2934 943 2993 τῳ
931 2887 988 2968 66
1003 2906 1126 2987 ἐλεγκτι-

124 3012 169 3074 κω
155 2992 382 3070 Παρμενίδης,
405 2989 621 3095 Πρωταγόρας
642 3019 684 3078 τῳ
671 2996 731 3058 66
750 2997 891 3071 πολιτικῷ
912 2993 970 3072 Κρ
968 3015 1040 3064 των
1063 2996 1127 3054 Πο-

123 3050 221 3148 λιτεία,
240 3074 426 3148 Φαίδων,Μ
387 3077 503 3150 Μν,ως
515 3058 695 3156 Συμπόσιον,
712 3074 818 3156 Νόμοι,
828 3053 999 3149 Ἐλιίιστολαί,
1014 3068 1127 3138 Εκτινο·

123 3158 180 3257 μλς,
202 3162 273 3220 Μεν
275 3156 375 3232 έ,ξενος
399 3157 582 3238 Κλειτοφυν,
602 3164 744 3242 Φίληβος·
765 3183 805 3242 ιφ
793 3156 854 3220 δέ
867 3167 1045 3260 πειραστικω
1063 3154 1126 3223 Εὗ-

123 3235 262 3385 θόφρωυ,
275 3241 397 3317 Μένων,
405 3239 481 3317 ’,Ίωυ
494 3247 656 3348 Χαρμίδης·
667 3244 753 3329 τφδὲ
764 3265 921 3328 μαιευτικφ
909 3223 1126 3327 Ἁλκιβιάδης,

124 3328 165 3406 τῷ
180 3318 427 3413 δὲᾶνατρεπτικηλ
437 3321 518 3390 Ιππλ
517 3352 560 3414 οις,
577 3307 768 3410 Εόθόδημος,
787 3304 923 3410 Γοργίας
