2408 3764
126 155 176 226 ,λς
479 117 809 228 Επεῑεοπεεα

134 324 203 441 πρός
221 311 295 385 δδ”
275 343 318 384 αν
335 320 419 404 φυῇ,
434 311 492 434 ρδς
501 311 522 401 ἡ
540 320 610 382 τόν
622 322 758 383 πολλῶν
773 315 839 395 έξις
856 339 915 401 της
925 321 1035 403 ψυχης
1045 325 1095 397 εῖς
1105 343 1142 387 τε

135 415 172 485 τδ
191 425 316 503 μαθεῖν
333 421 382 493 εές
398 438 435 480 τε
456 408 497 480 τὰ
513 412 679 498 λεγόμενα
699 413 770 500 ἤθη
789 415 930 501 πέφυκε,
952 439 993 481 τα
980 411 1049 482 δὲ
1071 421 1142 484 διέ-

65 523 118 579 344
136 526 299 604 φθαρται,
312 506 425 580 0136’w
404 537 447 579 av
458 535 477 578 ο
465 507 644 598 Λυγυεδς
656 515 741 580 ἰδεῖν
757 510 909 598 ποιήσειε
926 511 1007 593 τούς
1024 516 1143 585 τοιού-

134 639 225 693 τους.
249 612 299 678 ἑνὶ
311 609 348 678 δέ
359 609 459 702 λόγῳ,
471 606 533 677 τόν
549 636 595 696 μη
584 608 760 696 ξυγγενῆ
771 617 834 678 τοῦ
850 608 1045 698 πράγματος
1061 610 1139 683 οὔτ’

135 709 178 781 ἂν
193 707 360 797 εὐμάθεια
373 709 526 795 ποιήσειέ
541 732 622 776 ποτε
633 704 713 776 οὔτε
729 707 856 795 μνήμη·
878 705 942 796 τὴν
956 707 1065 797 ἀρχὴν
1076 709 1140 801 γὰρ

36 830 40 847 ⁴
134 813 173 879 ἐν
187 808 379 897 ἀλλοτρίαις
393 808 504 889 έξεσιν
520 805 585 875 οὐκ
603 809 807 893 ἐγγίγνεται·
830 804 916 876 ὥστε
933 803 1056 876 ὁπόσοι
1071 817 1141 878 τοῖν

135 913 229 979 διτταί
228 935 277 977 ων
287 933 324 977 τε
335 909 391 975 καὶ
407 913 477 973 τοῖν
495 903 607 973 ἄλλων
624 902 688 972 όσα
704 904 790 974 καλὰ
807 904 852 993 μὴ
871 920 1128 993 προσφυεῖςσ
1078 913 1128 975 εἰσ
1128 911 1142 976 δ

133 1012 190 1077 καὶ
201 1013 383 1094 ξυγγενεῖς,
396 1002 493 1073 αλλοι
510 1004 548 1070 δέ
566 1002 680 1071 ἄλλων
692 1001 852 1090 εὐμαθεῖς
863 1002 933 1091 ἅμα
941 1005 999 1072 καὶ
1009 1006 1139 1125 μνήμο-

133 1134 201 1195 νες,
201 1103 293 1177 οὐδ’
306 1105 382 1174 όσοι
401 1108 586 1191 ξυγγενεῖς,
604 1108 791 1189 δυσμαθεῖς
808 1104 846 1172 δέ
863 1101 955 1172 ταδ’
937 1103 1136 1226 αμνήμονες,

133 1202 273 1284 οὐδένες
297 1202 429 1271 τούτων
447 1201 574 1288 μήποτε
591 1201 750 1289 μάθωσιν
773 1200 975 1289 ἆλήθειαν’
955 1210 1075 1291 αρετῆς
1093 1208 1139 1284 εἰς

98 1316 120 1366 Β
136 1328 174 1372 το
162 1299 339 1371 δυνατόν
356 1297 439 1368 οόδέ
450 1298 621 1381 κακίας.“
598 1328 667 1388 αμα
679 1298 743 1388 γόιρ
755 1298 841 1369 αὐτὰ
857 1299 986 1387 ἀνάγκη
1003 1301 1141 1388 μανθα-

133 1427 219 1488 νειν,
242 1403 299 1469 καὶ
320 1398 359 1468 τό
377 1396 548 1480 ψεῦδος
525 1425 593 1486 αμα
615 1400 671 1468 καὶ
687 1396 814 1486 ἀληθές
830 1407 889 1488 τῆς
909 1396 988 1486 ὅλης
1009 1397 1140 1488 οὐσίας,

133 1498 217 1588 μετὰ
234 1505 353 1588 τριβῆς
370 1497 479 1585 πόσης
495 1500 551 1567 καὶ
565 1498 693 1587 χρόνον
708 1506 850 1588 πολλοῦ,
867 1496 950 1588 ὅπερ
967 1499 1004 1566 ἐν
1021 1495 1140 1585 ἀρχαῖς

134 1595 247 1667 εἷπον·
264 1597 369 1685 ,μόγις
381 1599 419 1665 δέ
436 1597 619 1686 τριβόμενα
637 1596 721 1686 πρὸς
738 1596 866 1685 ἄλληλα
879 1596 993 1668 αότοῑν
1005 1599 1138 1687 ἕκαστα,

132 1694 283 1784 ὀνόματα
293 1699 351 1764 καὶ
361 1694 457 1784 λόγοι
472 1694 567 1779 όψεις
582 1724 619 1767 τε
633 1700 690 1767 καὶ
706 1698 890 1786 αἰσθήσεις,
906 1701 944 1766 ἐν
963 1694 1139 1784 εὐμενέσιν

131 1798 279 1882 ἐλέγχοις
302 1796 505 1884 ἐλεγχόμενα
526 1799 582 1865 καὶ
605 1795 689 1866 ἄνευ
712 1797 858 1884 φθόνων
877 1795 1061 1885 ἐρωτήσεσι
1082 1797 1139 1864 καὶ

132 1895 331 1987 ἀποκρίσεσι
342 1886 537 1985 χρωμένου,
548 1899 710 1986 ἐξέλαμψε
727 1898 893 1985 φρόνησις
909 1897 987 1983 περὶ
997 1896 1140 1965 ἕκαστον

132 1998 189 2067 καὶ
200 2003 295 2084 νοός,
307 1994 527 2065 συντείνωνό
542 2023 574 2066 τι
584 1994 717 2084 μάλιστ’
734 2003 781 2077 εἰς
798 1996 944 2082 δύναμιν
961 1994 1139 2085 ἀνθρωπί-

97 2105 118 2159 c
136 2123 217 2183 νην·
240 2095 294 2165 διό
307 2096 349 2184 δὴ
362 2104 427 2178 πᾶς
443 2096 530 2186 ἀνὴρ
542 2103 726 2179 σπουδαῖος
739 2104 809 2166 τοῖν
820 2096 1139 2186 όντωνσπονδαλων

132 2200 208 2286 πέρι
230 2204 361 2266 πολλοῦ
382 2203 451 2286 δεῖ,
474 2198 519 2286 μὴ
541 2201 674 2288 γράψας
694 2198 774 2267 ποτὲ
800 2199 838 2264 ἐν
865 2195 1064 2281 ἀνθρώποις
1092 2201 1140 2276 εἰς

84 2311 92 2329 ’
131 2296 269 2380 φθόνον
280 2300 337 2365 καὶ
349 2294 496 2384 ἀπορίαν
507 2297 688 2385 καταβάλῃ.
712 2296 762 2361 ἑνὶ
773 2291 815 2378 δὴ
828 2295 865 2360 ἐιι
876 2293 1008 2363 τούτων
1021 2300 1075 2364 δεῖ
1082 2321 1139 2380 γι-

130 2394 299 2479 γνόσιιειν
309 2394 513 2485 λόγμ,’όταν
525 2399 581 2482 ἴδῃ
592 2400 642 2473 τίς
652 2418 714 2462 του
730 2390 973 2478 συγγράμματα
990 2419 1139 2482 γεγραμ-

131 2495 216 2579 μένα
230 2500 297 2559 εῖτε
308 2487 345 2560 ἐν
356 2494 475 2580 νόμοις
486 2495 677 2578 νομοθέτου
690 2499 756 2558 εἴτε
770 2493 808 2558 ε’ν
824 2489 938 2572 ἄλλοις
957 2495 1046 2561 τισὶν
1062 2491 1135 2558 ἅττ’

130 2582 207 2677 οὖν,
219 2586 265 2670 ὡς
283 2587 348 2658 οόιι
370 2585 413 2679 ἦν
430 2593 540 2679 τούτῳ
556 2595 661 2657 ταῦτα
677 2589 935 2680 σπουδαιότατα,
955 2600 1047 2674 εῖπερ
1065 2586 1134 2654 ἐστ’

130 2687 234 2771 αὐτὸς
245 2695 438 2778 σπουδαῖος,
450 2703 556 2758 κεῖται
566 2691 606 2754 δέ
615 2712 683 2756 που
696 2690 733 2757 ἐν
743 2689 836 2782 χώρᾳ
846 2698 887 2781 τῇ
898 2694 1056 2772 καλλίστῃ
1067 2691 1136 2753 τοῖν

129 2787 270 2857 τούτου·
295 2793 326 2857 εἰ
334 2790 373 2858 δέ
384 2787 490 2865 ὄντος
501 2782 594 2876 αὐτῷ
605 2784 701 2856 ταῦτ’
715 2790 969 2875 ἐσπουδασμένα
979 2787 1016 2850 ἐν
1026 2782 1137 2872 γράμ-

94 2894 116 2945 Ι)
135 2907 238 2974 μασιν
249 2888 360 2977 ἐτέθη,
373 2885 440 2969 ἐξ”
418 2914 483 3007 αρα
494 2886 536 2974 δή
546 2892 582 2955 οῖ’
589 2893 712 2980 ἔπειτα,
729 2894 806 2960 θεοὶ
821 2890 884 2977 μέν
900 2883 954 2973 οὔ,
971 2888 1087 2973 βροτοὶ
1098 2889 1135 2956 δὲ

119 2988 256 3073 φρένας
267 2981 512 3053 όόλεσαναότοι.

195 3081 334 3190 ,Τούτῳ
346 3081 431 3175 δὴ
400 3108 445 3152 τω
432 3085 558 3208 μύθῳ
569 3114 605 3157 τε
617 3092 672 3157 καὶ
688 3087 805 3179 πλόνρι
816 3111 834 3153 ο
822 3064 1135 3171 ξυνεπισπόμενος

129 3207 169 3250 ευ
155 3132 320 3270 εδσεται,
330 3180 392 3250 εἴτ’
407 3209 473 3252 ουν
487 3185 674 3265 Διονύσιος
691 3186 818 3274 ἔγραψέ
832 3210 864 3253 τι
883 3209 952 3252 των
971 3186 1047 3272 περὶ
1064 3184 1135 3270 φό-

128 3301 212 3362 σεοις
223 3276 338 3371 ότροιν
350 3284 407 3351 καὶ
417 3285 561 3371 πρώτων
573 3292 639 3354 εἴτε
650 3311 700 3364 τις
710 3283 856 3353 ἐλάττων
868 3283 934 3351 εἴτε
945 3281 1112 3371 μειξων,
1089 3310 1134 3362 ως

125 3380 392 3471 ονδέναιιιμιοως
400 3382 482 3453 ουδ
489 3376 811 3473 μεμαθηκόςῆυὺγι
812 3375 1040 3487 ςωνέγραψε
1048 3407 1133 3452 κατα
