2408 3764
84 251 87 257 .
150 191 212 254 110
289 215 292 222 ·
540 194 762 256 ΑΛΚΤΩΝ.

149 357 204 421 ιιαλ
215 351 235 438 ἡ
246 354 389 440 τήμερον
399 350 522 432 παντὸς
532 360 667 438 μᾶλλον.
685 351 747 440 οάγ
758 352 849 444 ὁρᾷς,
862 354 907 436 ῶς
917 367 1032 442 αίθρια
1043 361 1104 442 μὲν
1114 356 1154 425 τά

151 449 297 534 ἀνωθεν,
318 448 509 535 ἀκύμαντον
530 449 567 517 δὲ
587 452 643 518 καλ
661 451 821 537 γαλήνιον
838 453 927 522 ἀτταν
947 453 985 523 τὸ
1003 458 1154 540 πέλαγος,

150 544 268 633 ὅμοιον
279 543 324 625 ῶς
334 553 438 615 εἰπεῖν
447 544 638 637 ιιατύπτρμ;

216 651 349 712 -ΧΑΙΡ,
371 647 485 728 Λέγεις
498 639 627 730 ὀρθῶς·
650 655 801 731 φαίνεται
814 645 879 732 γάρ
890 646 1077 734 ἀλκαονλςη
1094 647 1154 735 τή-

151 766 254 859 μερον
269 740 430 826 ὑπάρχειν
440 738 558 828 ἡμέρα,
570 744 626 810 καί
635 743 715 828 χθὲς
729 747 766 813 δὲ
778 746 912 832 τοιαύτη
929 773 977 826 τις
994 739 1045 832 ἦν.
1070 745 1153 816 ἀλλά

152 840 235 924 πρὸς
245 845 348 923 θεῶν,
360 845 430 916 πῶς
440 838 520 906 ποτὲ
530 837 592 924 χρὴ
604 848 784 962 πεισθῆναι
794 849 905 922 τοῑςξ
873 841 935 928 έξ’
915 851 1027 931 αρχῆς,
1041 871 1067 910 ω
1056 837 1153 912 Σῶ·

151 961 278 1022 κρατες,
296 933 341 1015 ῶς
352 939 385 1015 ἐξ
397 935 547 1021 ὀρνίθων
557 943 712 1019 γυναῖκές
726 964 806 1009 ποτε
815 925 1001 1028 έγένοντοῆ
1018 940 1154 1024 ὄρνιθες

150 1040 187 1104 ἐκ
209 1041 393 1155 γνηαικῶν;
423 1031 548 1111 παντὸς
567 1032 633 1118 γάρ
654 1043 782 1120 μᾶλλον
804 1036 974 1108 ἀδύνατον
1000 1047 1153 1125 φαίνεται

151 1142 218 1200 πῶν
228 1134 266 1201 τὸ
280 1139 441 1199 τοιοῦτον.

235 1235 287 1296 111.
310 1237 385 1296 ΣΩ.
403 1221 442 1295 Ὦ
452 1235 528 1312 φίλε
537 1236 727 1318 Χαιρεφῶν,
738 1234 890 1318 ἐοίκαμεν
907 1206 998 1319 ἡμεῖς
1013 1243 1080 1302 τῶν
1092 1239 1153 1302 δν-

151 1333 263 1399 νατῶν
289 1351 324 1392 τε
346 1328 402 1392 καὶ
423 1324 601 1394 ἀδυνάτων
618 1325 818 1413 ἀμβλωωποί
834 1354 921 1408 τινες
942 1329 1026 1397 εἶναι
1045 1335 1153 1416 κριταὶ

150 1428 328 1501 παντελῶς·
336 1423 623 1510 δοκιμάζομενγάρ
633 1424 672 1510 δὴ
682 1451 764 1494 κατα
753 1423 922 1512 δύναμιν
931 1424 1153 1515 ἀνθρωπίνην

150 1522 324 1605 ἄγνωστον
335 1511 443 1587 ουσαν
451 1519 539 1587 καλ
515 1539 656 1588 απιοτον
667 1519 882 1608 ααλάόρατον·
889 1522 994 1594 πολλοὶ
1003 1517 1067 1591 ούν
1078 1532 1152 1608 φαί-

152 1645 241 1687 νεται
266 1616 345 1706 ἡμίν
366 1619 421 1689 καὶ
447 1626 515 1687 τῶν
540 1617 695 1704 εὐπόρων
717 1621 827 1705 ἀπορα
845 1624 911 1691 ιιαί
922 1630 991 1690 τῶν
1008 1626 1154 1707 ἐφικτῶν

149 1719 321 1806 ἀνέφικτα,
332 1719 438 1806 σνχνά
458 1719 519 1806 μὲν
534 1722 590 1809 καί
603 1718 682 1789 δι”
661 1727 824 1806 απειρίαν,
843 1721 947 1806 τνγνά
964 1720 1001 1788 δὲ
1021 1725 1075 1788 καὶ
1098 1722 1154 1789 διὰ

151 1817 333 1904 νηπιότητα
346 1826 498 1902 φρενῶν·
509 1827 557 1909 τῶ
567 1818 640 1887 ἀντι
654 1819 720 1905 γάρ
731 1819 848 1905 νήπιος
865 1823 973 1886 έοιαεν
989 1816 1073 1885 εἶναι
1088 1826 1154 1896 πᾶς

150 1918 342 2001 ἄνθρωπος,
358 1919 414 1984 καὶ
432 1914 451 1985 ὁ
470 1918 562 1987 ιτάνν
575 1920 695 2003 γέρων,
706 1922 780 1986 ἐπεί
796 1941 848 1984 τοι
862 1914 980 2002 ματρὸς
995 1914 1086 1982 πάνυ
1096 1920 1154 1982 καί

150 2011 319 2098 νεογιλλός
333 2011 424 2082 ὁτού
433 2021 511 2102 βίον
520 2015 641 2102 χρόνος
650 2013 737 2102 πρὸς
745 2011 806 2082 τδν
816 2013 924 2082 πάντα
937 2019 1050 2082 αίῶνα.
1068 2018 1103 2080 τί
1116 2012 1151 2080 δ’

149 2112 203 2197 ἀν,
215 2104 243 2179 ῶ
261 2107 367 2198 γαθέ,
382 2115 415 2179 oc
424 2109 627 2198 ἀγνοοῦντες
635 2111 694 2192 τάς
708 2121 778 2181 τῶν
789 2118 887 2182 θεῶν
901 2114 958 2180 καί
971 2115 1153 2196 δαιμονίων

148 2205 335 2295 δννάμειςῆ
346 2207 404 2288 τοὶς
413 2218 472 2296 τῆς
482 2209 563 2297 ὅλης
572 2210 818 2296 φύσεωςέχοιεν
827 2206 872 2277 ἀν
883 2215 996 2293 είπείν,
1008 2209 1152 2292 πότερον

56 2304 61 2325 ¹
141 2305 295 2393 ,δυνατὸν
307 2308 330 2394 ἢ
341 2305 508 2376 ἀδύνατόν
516 2334 547 2376 τι
557 2315 626 2376 τῶν
641 2306 818 2388 τοιούτωνς
836 2306 949 2393 ἑῶρας,
960 2313 1151 2392 Χαιρεφῶν,

149 2412 263 2489 τρίτην
277 2400 404 2488 ἡμέραν
422 2403 501 2482 ὅσος
516 2397 561 2490 ἦν
578 2403 597 2473 ὁ
614 2404 753 2490 γειμῶν·
771 2406 827 2473 καί
843 2407 1069 2491 ένθομηθέντι
1084 2402 1149 2488 γάρ

111 2588 115 2597 Ι
149 2526 195 2591 τω
211 2503 284 2576 δέος
304 2500 441 2567 ἐπέλθοι
453 2505 511 2589 παλ
528 2499 586 2580 τάς
605 2499 776 2586 ἀστραπὰς
785 2505 912 2581 έιιείνας
930 2505 986 2570 καὶ
1006 2500 1151 2588 βροντὰς

149 2595 284 2683 ἀνέμων
293 2620 329 2666 τε
340 2599 463 2676 ἐξαίσια
474 2604 617 2686 μεγέθη,
629 2597 796 2686 ὑπέλαβεν
809 2599 853 2668 ἀν
865 2627 914 2680 τις
924 2598 985 2687 τὴν
996 2602 1151 2684 οἰκουμέ-

148 2721 214 2784 νην
225 2693 359 2763 ἅπαοαν
368 2697 424 2764 καλ
436 2695 476 2782 δὴ
488 2708 738 2784 συμπεσεῖσθαι

233 2797 282 2879 IV.
305 2791 402 2863 Μετά
411 2793 532 2881 μικρὸν
542 2798 579 2864 δέ
588 2796 766 2883 θαυμαστή
772 2823 821 2875 τις
830 2793 1029 2870 κατάστασις
1039 2789 1152 2871 εὐδίας

148 2896 277 2978 ἐγένετο
302 2895 359 2961 ααλ
379 2896 543 2980 διέμεινεν
558 2891 653 2980 ,αὕτη
675 2922 714 2982 γε
735 2896 796 2971 ἕως
815 2899 876 2960 τοῦ
896 2897 981 2958 νῶν·
1008 2890 1153 2971 πότερον

150 2982 214 3057 ούν
229 2999 290 3057 οίει
311 2990 422 3076 μεῖζόν
438 3017 475 3059 τε
491 2993 547 3059 ιιαλ
562 2995 803 3076 ἐργωδέστερον
818 2986 914 3072 εἶναι,
931 2986 1088 3071 τοιαύτην
1099 2995 1152 3057 αί-

148 3093 252 3168 θρίαν
263 3088 296 3165 ἐξ
310 3089 504 3174 ένείνηςτῆς
514 3087 747 3156 ἀνοποοτάτοο
764 3092 924 3164 λαίλαπος.
938 3085 994 3152 καλ
1009 3094 1152 3172 ταραχῆς

149 3191 341 3269 μεταθεῖναι
350 3188 407 3255 παλ
416 3189 463 3264 είς
475 3185 624 3271 γαλήνην
639 3182 776 3270 ἀγαγεῖν
793 3181 853 3251 τδν
867 3182 998 3250 ἅπαντα
1012 3181 1149 3268 κόσμον,

149 3278 340 3370 ἦγννααιδς
350 3280 438 3369 εἶδος
447 3287 678 3370 μεταπλαοθλν
691 3288 736 3363 είς
750 3280 889 3368 ὄρνιθός
899 3307 988 3360 τινος
998 3289 1149 3368 ποιησαι;

137 3377 181 3442 10⁹
192 3378 351 3465 μένγάρ
364 3390 523 3457 τοιοῦτον
541 3385 598 3455 ααλ
618 3381 659 3451 τά
680 3383 838 3470 παιδάρια
859 3379 900 3449 τά
917 3378 994 3468 παρ’
1013 3377 1094 3469 ἡμίν
1108 3377 1149 3446 τά

68 3494 152 3544 ι.
