<?xml version="1.0" encoding="UTF-8"?>
<!DOCTYPE html PUBLIC "-//W3C//DTD XHTML 1.0 Transitional//EN"
    "http://www.w3.org/TR/xhtml1/DTD/xhtml1-transitional.dtd">
<html xmlns="http://www.w3.org/1999/xhtml" xml:lang="en" lang="en">
 <head>
  <title>
</title>
<meta http-equiv="Content-Type" content="text/html;charset=utf-8" />
  <meta name='ocr-system' content='tesseract 3.04.00' />
  <meta name='ocr-capabilities' content='ocr_page ocr_carea ocr_par ocr_line ocrx_word'/>
</head>
<body>
  <div class='ocr_page' id='page_1' title='image "./dialogisecundum04platgoog_0391.png"; bbox 0 0 2408 3764; ppageno 0'>
   <div class='ocr_carea' id='block_1_1' title="bbox 75 193 1085 265">
    <p class='ocr_par' dir='ltr' id='par_1_1' title="bbox 75 193 1085 265">
     <span class='ocr_line' id='line_1_1' title="bbox 75 193 1085 265; baseline -0.007 -6"><span class='ocrx_word' id='word_1_1' title='bbox 75 193 140 259; x_wconf 73' lang='lat'><strong><em>³⁰2</em></strong></span> <span class='ocrx_word' id='word_1_2' title='bbox 481 196 673 257; x_wconf 81' lang='grc' dir='ltr'><em>ΣΧΟΛΙΑ</em></span> <span class='ocrx_word' id='word_1_3' title='bbox 1033 203 1085 265; x_wconf 69' lang='grc' dir='ltr'><strong><em>ιω</em></strong></span> 
     </span>
    </p>
   </div>
   <div class='ocr_carea' id='block_1_2' title="bbox 75 350 1085 548">
    <p class='ocr_par' dir='ltr' id='par_1_2' title="bbox 75 350 1085 529">
     <span class='ocr_line' id='line_1_2' title="bbox 77 350 1085 468; baseline -0.003 -40"><span class='ocrx_word' id='word_1_4' title='bbox 77 353 182 468; x_wconf 70' lang='grc' dir='ltr'><strong><em>γῖδή,</em></strong></span> <span class='ocrx_word' id='word_1_5' title='bbox 168 358 208 435; x_wconf 74' lang='grc' dir='ltr'><strong><em>ὦς</em></strong></span> <span class='ocrx_word' id='word_1_6' title='bbox 218 360 272 461; x_wconf 55' lang='grc' dir='ltr'><strong><em>μὲν</em></strong></span> <span class='ocrx_word' id='word_1_7' title='bbox 283 358 470 465; x_wconf 79' lang='grc' dir='ltr'><strong><em>Δικαίαρχος</em></strong></span> <span class='ocrx_word' id='word_1_8' title='bbox 473 357 506 420; x_wconf 76' lang='grc' dir='ltr'><strong><em>ἐν</em></strong></span> <span class='ocrx_word' id='word_1_9' title='bbox 515 383 557 442; x_wconf 76' lang='grc' dir='ltr'><strong><em>τρι</em></strong></span> <span class='ocrx_word' id='word_1_10' title='bbox 546 359 634 460; x_wconf 82' lang='grc' dir='ltr'><strong><em>περί</em></strong></span> <span class='ocrx_word' id='word_1_11' title='bbox 645 365 796 459; x_wconf 73' lang='grc' dir='ltr'><strong><em>μουσικῶν</em></strong></span> <span class='ocrx_word' id='word_1_12' title='bbox 807 350 948 441; x_wconf 84' lang='grc' dir='ltr'><strong><em>άγωνων,</em></strong></span> <span class='ocrx_word' id='word_1_13' title='bbox 960 356 1006 425; x_wconf 77' lang='grc' dir='ltr'><strong><em>ὅτι</em></strong></span> <span class='ocrx_word' id='word_1_14' title='bbox 1018 368 1085 465; x_wconf 89' lang='grc' dir='ltr'><strong><em>τρία</em></strong></span> 
     </span>
     <span class='ocr_line' id='line_1_3' title="bbox 75 432 1083 548; baseline -0.007 -40"><span class='ocrx_word' id='word_1_15' title='bbox 75 445 147 526; x_wconf 82' lang='grc' dir='ltr'><strong><em>γένη</em></strong></span> <span class='ocrx_word' id='word_1_16' title='bbox 160 432 201 526; x_wconf 84' lang='grc' dir='ltr'><strong><em>ἦν</em></strong></span> <span class='ocrx_word' id='word_1_17' title='bbox 218 439 319 545; x_wconf 73' lang='grc' dir='ltr'><strong><em>ᾠδρῖν,</em></strong></span> <span class='ocrx_word' id='word_1_18' title='bbox 336 434 369 505; x_wconf 85' lang='grc' dir='ltr'><strong><em>τὸ</em></strong></span> <span class='ocrx_word' id='word_1_19' title='bbox 383 441 447 545; x_wconf 82' lang='grc' dir='ltr'><strong><em>μὲν</em></strong></span> <span class='ocrx_word' id='word_1_20' title='bbox 454 434 514 506; x_wconf 74' lang='grc' dir='ltr'><strong><em>ὑπὸ</em></strong></span> <span class='ocrx_word' id='word_1_21' title='bbox 529 439 650 506; x_wconf 86' lang='grc' dir='ltr'><strong><em>πάντων</em></strong></span> <span class='ocrx_word' id='word_1_22' title='bbox 664 435 810 548; x_wconf 75' lang='grc' dir='ltr'><strong><em>ᾀδόμενον</em></strong></span> <span class='ocrx_word' id='word_1_23' title='bbox 821 488 1000 507; x_wconf 91' lang='grc'><strong>.........</strong></span> <span class='ocrx_word' id='word_1_24' title='bbox 1014 442 1083 509; x_wconf 74' lang='grc' dir='ltr'><strong><em>καθ’</em></strong></span> 
     </span>
    </p>
   </div>
   <div class='ocr_carea' id='block_1_3' title="bbox 23 520 1085 3478">
    <p class='ocr_par' dir='ltr' id='par_1_3' title="bbox 72 520 1085 1766">
     <span class='ocr_line' id='line_1_4' title="bbox 76 520 1084 633; baseline 0.001 -41"><span class='ocrx_word' id='word_1_25' title='bbox 76 529 129 592; x_wconf 70' lang='grc' dir='ltr'><strong><em>ἕνα</em></strong></span> <span class='ocrx_word' id='word_1_26' title='bbox 146 520 271 609; x_wconf 74' lang='grc' dir='ltr'><strong><em>ἑξῆς,</em></strong></span> <span class='ocrx_word' id='word_1_27' title='bbox 242 550 276 593; x_wconf 92' lang='grc' dir='ltr'><strong><em>το</em></strong></span> <span class='ocrx_word' id='word_1_28' title='bbox 293 520 466 591; x_wconf 72' lang='grc' dir='ltr'><strong><em>δδῦπδτοῖν</em></strong></span> <span class='ocrx_word' id='word_1_29' title='bbox 476 521 696 629; x_wconf 74' lang='grc' dir='ltr'><strong><em>σονιτωτάτων,</em></strong></span> <span class='ocrx_word' id='word_1_30' title='bbox 713 522 752 602; x_wconf 79' lang='grc' dir='ltr'><strong><em>ὦς</em></strong></span> <span class='ocrx_word' id='word_1_31' title='bbox 763 529 845 633; x_wconf 73' lang='grc' dir='ltr'><strong><em>ἔιυγε</em></strong></span> <span class='ocrx_word' id='word_1_32' title='bbox 855 552 892 614; x_wconf 83' lang='grc' dir='ltr'><strong><em>τη</em></strong></span> <span class='ocrx_word' id='word_1_33' title='bbox 879 525 997 606; x_wconf 85' lang='grc' dir='ltr'><strong><em>τάξει</em></strong></span> <span class='ocrx_word' id='word_1_34' title='bbox 1019 523 1084 633; x_wconf 77' lang='grc' dir='ltr'><strong><em>ὃδὴ</em></strong></span> 
     </span>
     <span class='ocr_line' id='line_1_5' title="bbox 76 602 1084 714; baseline 0.002 -39"><span class='ocrx_word' id='word_1_35' title='bbox 76 619 234 676; x_wconf 78' lang='grc' dir='ltr'><strong><em>καλεῖσθαι</em></strong></span> <span class='ocrx_word' id='word_1_36' title='bbox 249 608 378 675; x_wconf 84' lang='grc' dir='ltr'><strong><em>σκόλιον.</em></strong></span> <span class='ocrx_word' id='word_1_37' title='bbox 404 604 444 686; x_wconf 75' lang='grc' dir='ltr'><strong><em>ὡς</em></strong></span> <span class='ocrx_word' id='word_1_38' title='bbox 460 602 508 674; x_wconf 72' lang='grc' dir='ltr'><strong><em>δί’</em></strong></span> <span class='ocrx_word' id='word_1_39' title='bbox 502 607 696 714; x_wconf 84' lang='grc' dir='ltr'><strong><em>Αριστάξενος</em></strong></span> <span class='ocrx_word' id='word_1_40' title='bbox 713 611 764 673; x_wconf 82' lang='grc' dir='ltr'><strong><em>καί</em></strong></span> <span class='ocrx_word' id='word_1_41' title='bbox 778 607 917 686; x_wconf 63' lang='grc' dir='ltr'><strong><em>Φάλλις“</em></strong></span> <span class='ocrx_word' id='word_1_42' title='bbox 904 611 1084 695; x_wconf 84' lang='grc' dir='ltr'><strong><em>ομουσικάς,</em></strong></span> 
     </span>
     <span class='ocr_line' id='line_1_6' title="bbox 75 689 1082 801; baseline 0.001 -40"><span class='ocrx_word' id='word_1_43' title='bbox 75 692 120 761; x_wconf 79' lang='grc' dir='ltr'><strong><em>ὅτι</em></strong></span> <span class='ocrx_word' id='word_1_44' title='bbox 138 693 186 760; x_wconf 85' lang='grc' dir='ltr'><strong><em>ίν</em></strong></span> <span class='ocrx_word' id='word_1_45' title='bbox 186 703 248 771; x_wconf 85' lang='grc' dir='ltr'><strong><em>τοῖς</em></strong></span> <span class='ocrx_word' id='word_1_46' title='bbox 262 691 369 779; x_wconf 84' lang='grc' dir='ltr'><strong><em>γάμοις</em></strong></span> <span class='ocrx_word' id='word_1_47' title='bbox 383 695 451 778; x_wconf 83' lang='grc' dir='ltr'><strong><em>περί</em></strong></span> <span class='ocrx_word' id='word_1_48' title='bbox 467 696 540 776; x_wconf 87' lang='grc' dir='ltr'><strong><em>μίαν</em></strong></span> <span class='ocrx_word' id='word_1_49' title='bbox 549 691 707 800; x_wconf 77' lang='grc' dir='ltr'><strong><em>τράπεζαν</em></strong></span> <span class='ocrx_word' id='word_1_50' title='bbox 704 689 816 771; x_wconf 87' lang='grc' dir='ltr'><strong><em>πολλας</em></strong></span> <span class='ocrx_word' id='word_1_51' title='bbox 821 699 929 801; x_wconf 86' lang='grc' dir='ltr'><strong><em>κλίνας</em></strong></span> <span class='ocrx_word' id='word_1_52' title='bbox 939 699 1082 777; x_wconf 80' lang='grc' dir='ltr'><strong><em>τιθέντες,</em></strong></span> 
     </span>
     <span class='ocr_line' id='line_1_7' title="bbox 74 770 1085 884; baseline 0.003 -41"><span class='ocrx_word' id='word_1_53' title='bbox 74 805 156 862; x_wconf 88' lang='grc' dir='ltr'><strong><em>παρα</em></strong></span> <span class='ocrx_word' id='word_1_54' title='bbox 144 774 258 882; x_wconf 69' lang='grc' dir='ltr'><strong><em>μέρος</em></strong></span> <span class='ocrx_word' id='word_1_55' title='bbox 276 781 341 862; x_wconf 74' lang='grc' dir='ltr'><strong><em>ἑξῆς</em></strong></span> <span class='ocrx_word' id='word_1_56' title='bbox 357 781 502 884; x_wconf 87' lang='grc' dir='ltr'><strong><em>μυρρίνας</em></strong></span> <span class='ocrx_word' id='word_1_57' title='bbox 512 775 655 861; x_wconf 72' lang='grc' dir='ltr'><strong><em>ἔχοντεςῆ</em></strong></span> <span class='ocrx_word' id='word_1_58' title='bbox 666 774 807 883; x_wconf 62' lang='grc' dir='ltr'><strong><em>δάφνας,</em></strong></span> <span class='ocrx_word' id='word_1_59' title='bbox 821 770 891 843; x_wconf 91' lang='grc' dir='ltr'><strong><em>δον</em></strong></span> <span class='ocrx_word' id='word_1_60' title='bbox 902 778 1024 884; x_wconf 75' lang='grc' dir='ltr'><strong><em>γνώμας</em></strong></span> <span class='ocrx_word' id='word_1_61' title='bbox 1035 782 1085 846; x_wconf 81' lang='grc' dir='ltr'><strong><em>καί</em></strong></span> 
     </span>
     <span class='ocr_line' id='line_1_8' title="bbox 75 806 1084 967; baseline 0.004 -41"><span class='ocrx_word' id='word_1_62' title='bbox 75 858 199 946; x_wconf 73' lang='grc' dir='ltr'><strong><em>ἐρωτικά</em></strong></span> <span class='ocrx_word' id='word_1_63' title='bbox 209 860 345 928; x_wconf 84' lang='grc' dir='ltr'><strong><em>σάντονα.</em></strong></span> <span class='ocrx_word' id='word_1_64' title='bbox 361 889 382 944; x_wconf 90' lang='grc' dir='ltr'><strong><em>η</em></strong></span> <span class='ocrx_word' id='word_1_65' title='bbox 368 858 426 926; x_wconf 71' lang='grc' dir='ltr'><strong><em>δὲ</em></strong></span> <span class='ocrx_word' id='word_1_66' title='bbox 435 865 569 965; x_wconf 87' lang='grc' dir='ltr'><strong><em>περίοδος</em></strong></span> <span class='ocrx_word' id='word_1_67' title='bbox 576 859 679 927; x_wconf 88' lang='grc' dir='ltr'><strong><em>σκολια</em></strong></span> <span class='ocrx_word' id='word_1_68' title='bbox 691 863 799 967; x_wconf 75' lang='grc' dir='ltr'><strong><em>ἐγίνετο</em></strong></span> <span class='ocrx_word' id='word_1_69' title='bbox 811 806 903 928; x_wconf 75' lang='lat'><strong><em>66</em></strong></span> <span class='ocrx_word' id='word_1_70' title='bbox 871 859 927 946; x_wconf 76' lang='grc' dir='ltr'><strong><em>τὴν</em></strong></span> <span class='ocrx_word' id='word_1_71' title='bbox 937 866 1084 930; x_wconf 78' lang='grc' dir='ltr'><strong><em>σύνθεσιν</em></strong></span> 
     </span>
     <span class='ocr_line' id='line_1_9' title="bbox 73 941 1084 1049; baseline 0.002 -37"><span class='ocrx_word' id='word_1_72' title='bbox 73 953 134 1049; x_wconf 71' lang='grc' dir='ltr'><strong><em>τρία</em></strong></span> <span class='ocrx_word' id='word_1_73' title='bbox 150 953 261 1012; x_wconf 80' lang='grc' dir='ltr'><strong><em>κλινῶν</em></strong></span> <span class='ocrx_word' id='word_1_74' title='bbox 276 948 324 1010; x_wconf 77' lang='grc' dir='ltr'><strong><em>ἐπὶ</em></strong></span> <span class='ocrx_word' id='word_1_75' title='bbox 340 942 508 1029; x_wconf 73' lang='grc' dir='ltr'><strong><em>οἰκημάτων</em></strong></span> <span class='ocrx_word' id='word_1_76' title='bbox 522 949 717 1048; x_wconf 90' lang='grc' dir='ltr'><strong><em>πολυγωνίων</em></strong></span> <span class='ocrx_word' id='word_1_77' title='bbox 733 941 845 1029; x_wconf 75' lang='grc' dir='ltr'><strong><em>οὖσάν,</em></strong></span> <span class='ocrx_word' id='word_1_78' title='bbox 858 950 909 1011; x_wconf 80' lang='grc' dir='ltr'><strong><em>καί</em></strong></span> <span class='ocrx_word' id='word_1_79' title='bbox 919 946 1016 1013; x_wconf 87' lang='grc' dir='ltr'><strong><em>τοάτω</em></strong></span> <span class='ocrx_word' id='word_1_80' title='bbox 1034 951 1084 1014; x_wconf 85' lang='grc' dir='ltr'><strong><em>καί</em></strong></span> 
     </span>
     <span class='ocr_line' id='line_1_10' title="bbox 74 1024 1085 1137; baseline 0.003 -42"><span class='ocrx_word' id='word_1_81' title='bbox 74 1024 126 1108; x_wconf 74' lang='grc' dir='ltr'><strong><em>τὰς</em></strong></span> <span class='ocrx_word' id='word_1_82' title='bbox 143 1025 184 1095; x_wconf 73' lang='grc' dir='ltr'><strong><em>ἐπ’</em></strong></span> <span class='ocrx_word' id='word_1_83' title='bbox 203 1024 300 1137; x_wconf 79' lang='grc' dir='ltr'><strong><em>αάτίις</em></strong></span> <span class='ocrx_word' id='word_1_84' title='bbox 311 1034 495 1105; x_wconf 68' lang='grc' dir='ltr'><strong><em>κατακλίσεις</em></strong></span> <span class='ocrx_word' id='word_1_85' title='bbox 505 1027 718 1131; x_wconf 72' lang='grc' dir='ltr'><strong><em>παραβάσεως</em></strong></span> <span class='ocrx_word' id='word_1_86' title='bbox 733 1035 889 1132; x_wconf 88' lang='grc' dir='ltr'><strong><em>γίνεσθαι.</em></strong></span> <span class='ocrx_word' id='word_1_87' title='bbox 907 1030 942 1096; x_wconf 87' lang='grc' dir='ltr'><strong><em>ου’</em></strong></span> <span class='ocrx_word' id='word_1_88' title='bbox 967 1029 1062 1098; x_wconf 89' lang='grc' dir='ltr'><strong><em>δια</em></strong></span> <span class='ocrx_word' id='word_1_89' title='bbox 1031 1059 1085 1117; x_wconf 89' lang='grc' dir='ltr'><strong><em>την</em></strong></span> 
     </span>
     <span class='ocr_line' id='line_1_11' title="bbox 73 1107 1083 1218; baseline 0.003 -39"><span class='ocrx_word' id='word_1_90' title='bbox 73 1119 243 1217; x_wconf 75' lang='grc' dir='ltr'><strong><em>μελοποιίαν</em></strong></span> <span class='ocrx_word' id='word_1_91' title='bbox 263 1140 342 1217; x_wconf 85' lang='grc' dir='ltr'><strong><em>ρον,</em></strong></span> <span class='ocrx_word' id='word_1_92' title='bbox 356 1110 407 1181; x_wconf 89' lang='grc' dir='ltr'><strong><em>δια</em></strong></span> <span class='ocrx_word' id='word_1_93' title='bbox 427 1107 512 1179; x_wconf 75' lang='grc' dir='ltr'><strong><em>δὲ</em></strong></span> <span class='ocrx_word' id='word_1_94' title='bbox 480 1138 536 1218; x_wconf 82' lang='grc' dir='ltr'><strong><em>την</em></strong></span> <span class='ocrx_word' id='word_1_95' title='bbox 556 1121 608 1198; x_wconf 80' lang='grc' dir='ltr'><strong><em>τῆς</em></strong></span> <span class='ocrx_word' id='word_1_96' title='bbox 629 1119 773 1200; x_wconf 88' lang='grc' dir='ltr'><strong><em>μυρρίνης</em></strong></span> <span class='ocrx_word' id='word_1_97' title='bbox 791 1111 914 1182; x_wconf 78' lang='grc' dir='ltr'><strong><em>σκολιὰν</em></strong></span> <span class='ocrx_word' id='word_1_98' title='bbox 936 1114 1083 1198; x_wconf 87' lang='grc' dir='ltr'><strong><em>διάδοσιν,</em></strong></span> 
     </span>
     <span class='ocr_line' id='line_1_12' title="bbox 73 1190 1084 1307; baseline 0.002 -42"><span class='ocrx_word' id='word_1_99' title='bbox 73 1196 165 1286; x_wconf 80' lang='grc' dir='ltr'><strong><em>ιαάτη</em></strong></span> <span class='ocrx_word' id='word_1_100' title='bbox 181 1226 232 1264; x_wconf 89' lang='grc' dir='ltr'><strong><em>και</em></strong></span> <span class='ocrx_word' id='word_1_101' title='bbox 248 1193 300 1275; x_wconf 75' lang='grc' dir='ltr'><strong><em>τὰς</em></strong></span> <span class='ocrx_word' id='word_1_102' title='bbox 318 1190 398 1305; x_wconf 76' lang='grc' dir='ltr'><strong><em>ρίδάς</em></strong></span> <span class='ocrx_word' id='word_1_103' title='bbox 416 1205 536 1275; x_wconf 85' lang='grc' dir='ltr'><strong><em>σκολιας</em></strong></span> <span class='ocrx_word' id='word_1_104' title='bbox 551 1206 717 1264; x_wconf 75' lang='grc' dir='ltr'><strong><em>καλεῖσθαι</em></strong></span> <span class='ocrx_word' id='word_1_105' title='bbox 733 1207 823 1271; x_wconf 78' lang='lat' dir='ltr'><strong><em>RS.-</em></strong></span> <span class='ocrx_word' id='word_1_106' title='bbox 816 1195 988 1307; x_wconf 64' lang='grc' dir='ltr'><strong><em>εᾉθηνησιν</em></strong></span> <span class='ocrx_word' id='word_1_107' title='bbox 1000 1204 1084 1267; x_wconf 78' lang='grc' dir='ltr'><strong><em>ἐν</em></strong></span> <span class='ocrx_word' id='word_1_108' title='bbox 1044 1228 1083 1267; x_wconf 85' lang='grc' dir='ltr'><strong><em>τα</em></strong></span> 
     </span>
     <span class='ocr_line' id='line_1_13' title="bbox 73 1265 1083 1393; baseline 0.005 -46"><span class='ocrx_word' id='word_1_109' title='bbox 73 1286 238 1387; x_wconf 77' lang='grc' dir='ltr'><strong><em>πρυτανείῳ</em></strong></span> <span class='ocrx_word' id='word_1_110' title='bbox 252 1307 334 1366; x_wconf 88' lang='grc' dir='ltr'><strong><em>παρα</em></strong></span> <span class='ocrx_word' id='word_1_111' title='bbox 344 1305 435 1347; x_wconf 92' lang='grc' dir='ltr'><strong><em>ποτον</em></strong></span> <span class='ocrx_word' id='word_1_112' title='bbox 446 1281 550 1348; x_wconf 88' lang='grc' dir='ltr'><strong><em>σκόλια</em></strong></span> <span class='ocrx_word' id='word_1_113' title='bbox 560 1280 684 1369; x_wconf 45' lang='lat' dir='ltr'>66aest</span> <span class='ocrx_word' id='word_1_114' title='bbox 656 1308 695 1359; x_wconf 88' lang='grc' dir='ltr'><strong><em>εις</em></strong></span> <span class='ocrx_word' id='word_1_115' title='bbox 705 1308 802 1388; x_wconf 91' lang='grc' dir='ltr'><strong><em>τινας,</em></strong></span> <span class='ocrx_word' id='word_1_116' title='bbox 797 1283 916 1391; x_wconf 76' lang='grc' dir='ltr'><strong><em>ὥσπερ</em></strong></span> <span class='ocrx_word' id='word_1_117' title='bbox 928 1281 969 1362; x_wconf 85' lang='grc' dir='ltr'><strong><em>είς</em></strong></span> <span class='ocrx_word' id='word_1_118' title='bbox 974 1265 1083 1393; x_wconf 70' lang='grc' dir='ltr'><strong><em>Ἀρρά-</em></strong></span> 
     </span>
     <span class='ocr_line' id='line_1_14' title="bbox 74 1362 1082 1472; baseline 0.002 -40"><span class='ocrx_word' id='word_1_119' title='bbox 74 1373 153 1446; x_wconf 86' lang='grc' dir='ltr'><strong><em>διον,</em></strong></span> <span class='ocrx_word' id='word_1_120' title='bbox 164 1363 328 1470; x_wconf 69' lang='grc' dir='ltr'><strong><em>Ἄδμητον,</em></strong></span> <span class='ocrx_word' id='word_1_121' title='bbox 349 1374 521 1470; x_wconf 80' lang='grc' dir='ltr'><strong><em>Τελαμῶνα·</em></strong></span> <span class='ocrx_word' id='word_1_122' title='bbox 543 1371 687 1472; x_wconf 80' lang='grc' dir='ltr'><strong><em>εἰρῆσθαι</em></strong></span> <span class='ocrx_word' id='word_1_123' title='bbox 693 1362 773 1432; x_wconf 75' lang='grc' dir='ltr'><strong><em>δί’</em></strong></span> <span class='ocrx_word' id='word_1_124' title='bbox 736 1393 808 1434; x_wconf 87' lang='grc' dir='ltr'><strong><em>αυτο</em></strong></span> <span class='ocrx_word' id='word_1_125' title='bbox 797 1364 940 1435; x_wconf 87' lang='grc' dir='ltr'><strong><em>σκολιον</em></strong></span> <span class='ocrx_word' id='word_1_126' title='bbox 952 1366 1014 1434; x_wconf 90' lang='grc' dir='ltr'><strong><em>κατ’</em></strong></span> <span class='ocrx_word' id='word_1_127' title='bbox 1030 1366 1082 1434; x_wconf 82' lang='grc' dir='ltr'><strong><em>ἆν-</em></strong></span> 
     </span>
     <span class='ocr_line' id='line_1_15' title="bbox 72 1445 1083 1638; baseline 0.006 -41"><span class='ocrx_word' id='word_1_128' title='bbox 72 1445 1083 1638; x_wconf 55' lang='lat'>{226663360‘26..13635662663656‘2635526</span> 
     </span>
     <span class='ocr_line' id='line_1_16' title="bbox 72 1566 1083 1706; baseline 0.009 -26"><span class='ocrx_word' id='word_1_129' title='bbox 72 1611 239 1700; x_wconf 75' lang='grc' dir='ltr'><strong><em>ἠλέγχοντο</em></strong></span> <span class='ocrx_word' id='word_1_130' title='bbox 242 1580 646 1705; x_wconf 56' lang='lat'>0566&#39;660666960160..</span> <span class='ocrx_word' id='word_1_131' title='bbox 676 1566 1083 1706; x_wconf 64' lang='lat'>66660066660666&#39;606666·</span> 
     </span>
     <span class='ocr_line' id='line_1_17' title="bbox 73 1709 296 1766; baseline 0.009 -2"><span class='ocrx_word' id='word_1_132' title='bbox 73 1709 137 1766; x_wconf 92' lang='grc' dir='ltr'><strong><em>λιον</em></strong></span> <span class='ocrx_word' id='word_1_133' title='bbox 147 1725 242 1766; x_wconf 90' lang='grc' dir='ltr'><strong><em>τουτο</em></strong></span> <span class='ocrx_word' id='word_1_134' title='bbox 262 1709 296 1766; x_wconf 90' lang='grc'><strong><em>0.</em></strong></span> 
     </span>
    </p>

    <p class='ocr_par' dir='ltr' id='par_1_4' title="bbox 156 1780 1081 1892">
     <span class='ocr_line' id='line_1_18' title="bbox 156 1780 1081 1892; baseline 0.01 -44"><span class='ocrx_word' id='word_1_135' title='bbox 156 1793 188 1848; x_wconf 89' lang='grc' dir='ltr'>Ε</span> <span class='ocrx_word' id='word_1_136' title='bbox 211 1794 347 1852; x_wconf 80' lang='grc' dir='ltr'><strong><em>πλουτεῖν</em></strong></span> <span class='ocrx_word' id='word_1_137' title='bbox 362 1780 499 1862; x_wconf 81' lang='grc' dir='ltr'><strong><em>άδόλως</em></strong></span> <span class='ocrx_word' id='word_1_138' title='bbox 487 1812 503 1850; x_wconf 93' lang='grc' dir='ltr'><strong><em>ο</em></strong></span> <span class='ocrx_word' id='word_1_139' title='bbox 514 1781 636 1867; x_wconf 77' lang='grc' dir='ltr'><strong><em>ποιητής</em></strong></span> <span class='ocrx_word' id='word_1_140' title='bbox 654 1807 760 1867; x_wconf 88' lang='grc' dir='ltr'><strong><em>φησιν·</em></strong></span> <span class='ocrx_word' id='word_1_141' title='bbox 783 1782 868 1870; x_wconf 79' lang='grc' dir='ltr'><strong><em>ὁγὰρ</em></strong></span> <span class='ocrx_word' id='word_1_142' title='bbox 876 1793 1081 1892; x_wconf 75' lang='grc' dir='ltr'><strong><em>χρηματιστὴς</em></strong></span> 
     </span>
    </p>

    <p class='ocr_par' dir='ltr' id='par_1_5' title="bbox 72 1864 1033 1976">
     <span class='ocr_line' id='line_1_19' title="bbox 72 1864 1033 1976; baseline 0.002 -39"><span class='ocrx_word' id='word_1_143' title='bbox 72 1867 152 1946; x_wconf 71' lang='grc' dir='ltr'><strong><em>ὅπως</em></strong></span> <span class='ocrx_word' id='word_1_144' title='bbox 162 1864 201 1935; x_wconf 78' lang='grc' dir='ltr'><strong><em>άν</em></strong></span> <span class='ocrx_word' id='word_1_145' title='bbox 211 1868 293 1960; x_wconf 81' lang='grc' dir='ltr'><strong><em>τάχη,</em></strong></span> <span class='ocrx_word' id='word_1_146' title='bbox 305 1874 356 1937; x_wconf 82' lang='grc' dir='ltr'><strong><em>ταί</em></strong></span> <span class='ocrx_word' id='word_1_147' title='bbox 367 1875 392 1937; x_wconf 88' lang='grc' dir='ltr'><strong><em>εί</em></strong></span> <span class='ocrx_word' id='word_1_148' title='bbox 402 1895 473 1954; x_wconf 84' lang='grc' dir='ltr'><strong><em>μετα</em></strong></span> <span class='ocrx_word' id='word_1_149' title='bbox 461 1865 667 1976; x_wconf 84' lang='grc' dir='ltr'><strong><em>τυραννίδος,</em></strong></span> <span class='ocrx_word' id='word_1_150' title='bbox 679 1878 817 1936; x_wconf 88' lang='grc' dir='ltr'><strong><em>πλουτων</em></strong></span> <span class='ocrx_word' id='word_1_151' title='bbox 827 1870 989 1976; x_wconf 74' lang='grc' dir='ltr'><strong><em>βούλεται.</em></strong></span> <span class='ocrx_word' id='word_1_152' title='bbox 998 1885 1033 1943; x_wconf 87' lang='lat' dir='ltr'><strong><em>R.</em></strong></span> 
     </span>
    </p>

    <p class='ocr_par' dir='ltr' id='par_1_6' title="bbox 23 1951 1083 2287">
     <span class='ocr_line' id='line_1_20' title="bbox 23 1951 1081 2065; baseline 0.001 -41"><span class='ocrx_word' id='word_1_153' title='bbox 23 1967 28 1979; x_wconf 55' lang='lat'>⁸</span> <span class='ocrx_word' id='word_1_154' title='bbox 154 1967 253 2026; x_wconf 73' lang='lat' dir='ltr'><strong>452A.</strong></span> <span class='ocrx_word' id='word_1_155' title='bbox 273 1954 391 2065; x_wconf 62' lang='grc' dir='ltr'><strong><em>πρωτίν</em></strong></span> <span class='ocrx_word' id='word_1_156' title='bbox 398 1975 481 2060; x_wconf 79' lang='grc' dir='ltr'><strong><em>φησι</em></strong></span> <span class='ocrx_word' id='word_1_157' title='bbox 496 1952 550 2021; x_wconf 87' lang='grc' dir='ltr'><strong><em>τὸν</em></strong></span> <span class='ocrx_word' id='word_1_158' title='bbox 565 1951 681 2060; x_wconf 83' lang='grc' dir='ltr'><strong><em>ίατρόν’</em></strong></span> <span class='ocrx_word' id='word_1_159' title='bbox 701 1979 788 2032; x_wconf 87' lang='grc' dir='ltr'><strong><em>ουτος</em></strong></span> <span class='ocrx_word' id='word_1_160' title='bbox 804 1951 863 2041; x_wconf 84' lang='grc' dir='ltr'><strong><em>γάρ</em></strong></span> <span class='ocrx_word' id='word_1_161' title='bbox 876 1953 993 2041; x_wconf 75' lang='grc' dir='ltr'><strong><em>περὶτὰ</em></strong></span> <span class='ocrx_word' id='word_1_162' title='bbox 1006 1981 1081 2025; x_wconf 86' lang='grc' dir='ltr'><strong><em>στοι·</em></strong></span> 
     </span>
     <span class='ocr_line' id='line_1_21' title="bbox 72 2034 1083 2147; baseline 0.004 -42"><span class='ocrx_word' id='word_1_163' title='bbox 72 2049 134 2146; x_wconf 85' lang='grc' dir='ltr'><strong><em>γεῖα</em></strong></span> <span class='ocrx_word' id='word_1_164' title='bbox 152 2035 229 2105; x_wconf 79' lang='grc' dir='ltr'><strong><em>αάτᾶ</em></strong></span> <span class='ocrx_word' id='word_1_165' title='bbox 236 2039 316 2111; x_wconf 83' lang='grc' dir='ltr'><strong><em>καθ’</em></strong></span> <span class='ocrx_word' id='word_1_166' title='bbox 335 2037 410 2107; x_wconf 81' lang='grc' dir='ltr'><strong><em>αυτίι</em></strong></span> <span class='ocrx_word' id='word_1_167' title='bbox 429 2034 663 2144; x_wconf 78' lang='grc' dir='ltr'><strong><em>κμταγίνετατ,</em></strong></span> <span class='ocrx_word' id='word_1_168' title='bbox 651 2066 668 2107; x_wconf 94' lang='grc' dir='ltr'><strong><em>ο</em></strong></span> <span class='ocrx_word' id='word_1_169' title='bbox 686 2040 719 2104; x_wconf 76' lang='grc' dir='ltr'><strong><em>δὲ</em></strong></span> <span class='ocrx_word' id='word_1_170' title='bbox 735 2044 926 2145; x_wconf 73' lang='grc' dir='ltr'><strong><em>παιδοτρίβης</em></strong></span> <span class='ocrx_word' id='word_1_171' title='bbox 942 2041 1060 2128; x_wconf 85' lang='grc' dir='ltr'><strong><em>περί</em></strong></span> <span class='ocrx_word' id='word_1_172' title='bbox 1029 2071 1083 2147; x_wconf 85' lang='grc' dir='ltr'><strong><em>την</em></strong></span> 
     </span>
     <span class='ocr_line' id='line_1_22' title="bbox 72 2116 1081 2210; baseline 0.003 -20"><span class='ocrx_word' id='word_1_173' title='bbox 72 2123 216 2191; x_wconf 78' lang='grc' dir='ltr'><strong><em>σύνθεσιν</em></strong></span> <span class='ocrx_word' id='word_1_174' title='bbox 234 2121 333 2191; x_wconf 65' lang='grc' dir='ltr'><strong><em>αὐτῶν</em></strong></span> <span class='ocrx_word' id='word_1_175' title='bbox 350 2128 401 2190; x_wconf 83' lang='grc' dir='ltr'><strong><em>καί</em></strong></span> <span class='ocrx_word' id='word_1_176' title='bbox 418 2120 474 2209; x_wconf 76' lang='grc' dir='ltr'><strong><em>την</em></strong></span> <span class='ocrx_word' id='word_1_177' title='bbox 490 2116 608 2191; x_wconf 75' lang='grc' dir='ltr'><strong><em>τοιάνδε</em></strong></span> <span class='ocrx_word' id='word_1_178' title='bbox 624 2150 684 2191; x_wconf 91' lang='grc' dir='ltr'><strong><em>των</em></strong></span> <span class='ocrx_word' id='word_1_179' title='bbox 695 2129 807 2210; x_wconf 85' lang='grc' dir='ltr'><strong><em>μορίων</em></strong></span> <span class='ocrx_word' id='word_1_180' title='bbox 816 2123 976 2209; x_wconf 77' lang='grc' dir='ltr'><strong><em>συνθήκην</em></strong></span> <span class='ocrx_word' id='word_1_181' title='bbox 987 2131 1040 2193; x_wconf 84' lang='grc' dir='ltr'><strong><em>ιιαὶ</em></strong></span> <span class='ocrx_word' id='word_1_182' title='bbox 1050 2122 1081 2193; x_wconf 77' lang='grc' dir='ltr'><strong><em>τί</em></strong></span> 
     </span>
     <span class='ocr_line' id='line_1_23' title="bbox 72 2204 352 2287; baseline -0.004 -11"><span class='ocrx_word' id='word_1_183' title='bbox 72 2208 179 2287; x_wconf 89' lang='grc' dir='ltr'><strong><em>κάλλος</em></strong></span> <span class='ocrx_word' id='word_1_184' title='bbox 189 2204 298 2276; x_wconf 76' lang='grc' dir='ltr'><strong><em>αὐτων.</em></strong></span> <span class='ocrx_word' id='word_1_185' title='bbox 317 2219 352 2277; x_wconf 87' lang='lat' dir='ltr'><strong><em>R.</em></strong></span> 
     </span>
    </p>

    <p class='ocr_par' dir='ltr' id='par_1_7' title="bbox 71 2287 1081 2462">
     <span class='ocr_line' id='line_1_24' title="bbox 158 2287 1081 2392; baseline 0.003 -33"><span class='ocrx_word' id='word_1_186' title='bbox 158 2303 188 2359; x_wconf 83' lang='lat' dir='ltr'><strong><em>C.</em></strong></span> <span class='ocrx_word' id='word_1_187' title='bbox 210 2292 351 2370; x_wconf 86' lang='grc' dir='ltr'><strong><em>πλουτου]</em></strong></span> <span class='ocrx_word' id='word_1_188' title='bbox 364 2288 483 2392; x_wconf 84' lang='grc' dir='ltr'><strong><em>ίδοά,</em></strong></span> <span class='ocrx_word' id='word_1_189' title='bbox 455 2317 487 2356; x_wconf 92' lang='grc' dir='ltr'><strong><em>το</em></strong></span> <span class='ocrx_word' id='word_1_190' title='bbox 499 2287 613 2368; x_wconf 75' lang='grc' dir='ltr'><strong><em>ἀδόλως</em></strong></span> <span class='ocrx_word' id='word_1_191' title='bbox 624 2318 661 2357; x_wconf 91' lang='grc' dir='ltr'><strong><em>ου</em></strong></span> <span class='ocrx_word' id='word_1_192' title='bbox 652 2287 867 2378; x_wconf 74' lang='grc' dir='ltr'><strong><em>’προσίθηιιεη</em></strong></span> <span class='ocrx_word' id='word_1_193' title='bbox 880 2290 1033 2378; x_wconf 78' lang='grc' dir='ltr'><strong><em>δπειδὴ’</em></strong></span> <span class='ocrx_word' id='word_1_194' title='bbox 995 2321 1081 2373; x_wconf 86' lang='grc' dir='ltr'><strong><em>αυτος</em></strong></span> 
     </span>
     <span class='ocr_line' id='line_1_25' title="bbox 71 2372 821 2485; baseline 0.001 -44"><span class='ocrx_word' id='word_1_195' title='bbox 71 2373 86 2441; x_wconf 95' lang='lat'><strong><em>6</em></strong></span> <span class='ocrx_word' id='word_1_196' title='bbox 100 2373 295 2485; x_wconf 79' lang='grc' dir='ltr'><strong><em>χρηματιστὴς</em></strong></span> <span class='ocrx_word' id='word_1_197' title='bbox 305 2372 420 2479; x_wconf 74' lang='grc' dir='ltr'><strong><em>λίγει,“</em></strong></span> <span class='ocrx_word' id='word_1_198' title='bbox 403 2403 436 2451; x_wconf 93' lang='grc' dir='ltr'><strong><em>ος</em></strong></span> <span class='ocrx_word' id='word_1_199' title='bbox 446 2372 567 2441; x_wconf 89' lang='grc' dir='ltr'><strong><em>πάντων</em></strong></span> <span class='ocrx_word' id='word_1_200' title='bbox 577 2385 764 2478; x_wconf 77' lang='grc' dir='ltr'><strong><em>καταφρρνεῑ.</em></strong></span> <span class='ocrx_word' id='word_1_201' title='bbox 787 2386 821 2442; x_wconf 93' lang='lat' dir='ltr'><strong><em>R.</em></strong></span> 
     </span>
    </p>

    <p class='ocr_par' dir='ltr' id='par_1_8' title="bbox 70 2453 1081 2796">
     <span class='ocr_line' id='line_1_26' title="bbox 155 2453 1081 2564; baseline 0.006 -41"><span class='ocrx_word' id='word_1_202' title='bbox 155 2469 190 2523; x_wconf 88' lang='lat' dir='ltr'><strong><em>D.</em></strong></span> <span class='ocrx_word' id='word_1_203' title='bbox 211 2462 347 2564; x_wconf 75' lang='grc' dir='ltr'><strong><em>μέγιστον</em></strong></span> <span class='ocrx_word' id='word_1_204' title='bbox 361 2453 480 2563; x_wconf 82' lang='grc' dir='ltr'><strong><em>ιἰγαθὸν</em></strong></span> <span class='ocrx_word' id='word_1_205' title='bbox 491 2455 579 2534; x_wconf 78' lang='grc' dir='ltr'><strong><em>εἶναι]</em></strong></span> <span class='ocrx_word' id='word_1_206' title='bbox 591 2454 642 2523; x_wconf 78' lang='grc' dir='ltr'><strong><em>διὰ</em></strong></span> <span class='ocrx_word' id='word_1_207' title='bbox 652 2457 765 2525; x_wconf 82' lang='grc' dir='ltr'><strong><em>τοάτων</em></strong></span> <span class='ocrx_word' id='word_1_208' title='bbox 776 2488 792 2526; x_wconf 93' lang='grc' dir='ltr'><strong><em>ο</em></strong></span> <span class='ocrx_word' id='word_1_209' title='bbox 779 2456 934 2528; x_wconf 61' lang='grc' dir='ltr'><strong><em>’Πλάτων</em></strong></span> <span class='ocrx_word' id='word_1_210' title='bbox 952 2465 1005 2529; x_wconf 72' lang='grc' dir='ltr'><strong><em>ἕνα</em></strong></span> <span class='ocrx_word' id='word_1_211' title='bbox 1005 2490 1081 2548; x_wconf 90' lang='grc' dir='ltr'><strong><em>ργως</em></strong></span> 
     </span>
     <span class='ocr_line' id='line_1_27' title="bbox 71 2491 1081 2656; baseline 0.006 -48"><span class='ocrx_word' id='word_1_212' title='bbox 71 2537 144 2650; x_wconf 61' lang='grc' dir='ltr'><strong><em>ἡμῖν</em></strong></span> <span class='ocrx_word' id='word_1_213' title='bbox 164 2539 405 2623; x_wconf 73' lang='grc' dir='ltr'><strong><em>άπεκάλυιμεν,”</em></strong></span> <span class='ocrx_word' id='word_1_214' title='bbox 388 2568 433 2607; x_wconf 86' lang='grc' dir='ltr'><strong><em>οτι</em></strong></span> <span class='ocrx_word' id='word_1_215' title='bbox 453 2543 520 2626; x_wconf 81' lang='grc' dir='ltr'><strong><em>περὶ</em></strong></span> <span class='ocrx_word' id='word_1_216' title='bbox 540 2549 593 2625; x_wconf 80' lang='grc' dir='ltr'><strong><em>τῆς</em></strong></span> <span class='ocrx_word' id='word_1_217' title='bbox 609 2566 766 2648; x_wconf 88' lang='grc' dir='ltr'><strong><em>ποιητικης</em></strong></span> <span class='ocrx_word' id='word_1_218' title='bbox 775 2549 869 2656; x_wconf 81' lang='grc' dir='ltr'><strong><em>αἰτίας</em></strong></span> <span class='ocrx_word' id='word_1_219' title='bbox 880 2491 1081 2651; x_wconf 69' lang='grc' dir='ltr'><strong><em>ἀνθρωπίνων</em></strong></span> 
     </span>
     <span class='ocr_line' id='line_1_28' title="bbox 71 2623 1080 2719; baseline 0.005 -25"><span class='ocrx_word' id='word_1_220' title='bbox 71 2625 199 2711; x_wconf 75' lang='grc' dir='ltr'><strong><em>άγαθιδν</em></strong></span> <span class='ocrx_word' id='word_1_221' title='bbox 210 2630 322 2709; x_wconf 81' lang='grc' dir='ltr'><strong><em>κοίτης</em></strong></span> <span class='ocrx_word' id='word_1_222' title='bbox 333 2624 521 2710; x_wconf 74' lang='grc' dir='ltr'><strong><em>εὐδαιμονίας</em></strong></span> <span class='ocrx_word' id='word_1_223' title='bbox 531 2635 657 2693; x_wconf 88' lang='grc' dir='ltr'><strong><em>ποιεῖται</em></strong></span> <span class='ocrx_word' id='word_1_224' title='bbox 668 2623 720 2693; x_wconf 81' lang='grc' dir='ltr'><strong><em>τὸν</em></strong></span> <span class='ocrx_word' id='word_1_225' title='bbox 731 2628 844 2714; x_wconf 86' lang='grc' dir='ltr'><strong><em>λόγον</em></strong></span> <span class='ocrx_word' id='word_1_226' title='bbox 830 2657 863 2696; x_wconf 88' lang='grc' dir='ltr'><strong><em>εν</em></strong></span> <span class='ocrx_word' id='word_1_227' title='bbox 873 2640 910 2719; x_wconf 74' lang='grc' dir='ltr'><strong><em>τῇ</em></strong></span> <span class='ocrx_word' id='word_1_228' title='bbox 920 2630 994 2717; x_wconf 82' lang='grc' dir='ltr'><strong><em>πρὸς</em></strong></span> <span class='ocrx_word' id='word_1_229' title='bbox 1005 2642 1080 2719; x_wconf 84' lang='grc' dir='ltr'><strong><em>Γορ-</em></strong></span> 
     </span>
     <span class='ocr_line' id='line_1_29' title="bbox 70 2716 355 2798; baseline 0.004 -21"><span class='ocrx_word' id='word_1_230' title='bbox 70 2717 140 2796; x_wconf 88' lang='grc' dir='ltr'><strong><em>γίαν</em></strong></span> <span class='ocrx_word' id='word_1_231' title='bbox 149 2716 302 2798; x_wconf 85' lang='grc' dir='ltr'><strong><em>συνουσία</em></strong></span> <span class='ocrx_word' id='word_1_232' title='bbox 324 2721 355 2778; x_wconf 85' lang='lat'><strong><em>0.</em></strong></span> 
     </span>
    </p>

    <p class='ocr_par' dir='ltr' id='par_1_9' title="bbox 155 2774 1081 2884">
     <span class='ocr_line' id='line_1_30' title="bbox 155 2774 1081 2884; baseline 0.008 -25"><span class='ocrx_word' id='word_1_233' title='bbox 155 2804 187 2860; x_wconf 90' lang='lat' dir='ltr'><strong><em>D.</em></strong></span> <span class='ocrx_word' id='word_1_234' title='bbox 210 2774 470 2884; x_wconf 75' lang='grc' dir='ltr'><strong><em>ἐλευθερίας1πως</em></strong></span> <span class='ocrx_word' id='word_1_235' title='bbox 486 2797 710 2881; x_wconf 77' lang='grc' dir='ltr'><strong><em>ἕλεύθερίας”</em></strong></span> <span class='ocrx_word' id='word_1_236' title='bbox 673 2823 768 2864; x_wconf 84' lang='grc' dir='ltr'><strong><em>αιτιον</em></strong></span> <span class='ocrx_word' id='word_1_237' title='bbox 782 2826 815 2865; x_wconf 93' lang='grc' dir='ltr'><strong><em>το</em></strong></span> <span class='ocrx_word' id='word_1_238' title='bbox 803 2796 996 2884; x_wconf 81' lang='grc' dir='ltr'><strong><em>ὖποβάλλον</em></strong></span> <span class='ocrx_word' id='word_1_239' title='bbox 1012 2800 1081 2867; x_wconf 84' lang='grc' dir='ltr'><strong><em>δου·</em></strong></span> 
     </span>
    </p>

    <p class='ocr_par' dir='ltr' id='par_1_10' title="bbox 71 2884 482 2969">
     <span class='ocr_line' id='line_1_31' title="bbox 71 2884 482 2969; baseline 0.003 -25.081"><span class='ocrx_word' id='word_1_240' title='bbox 71 2884 134 2969; x_wconf 83' lang='grc' dir='ltr'><strong><em>λείμ</em></strong></span> <span class='ocrx_word' id='word_1_241' title='bbox 143 2885 292 2946; x_wconf 90' lang='grc' dir='ltr'><strong><em>παντοίων</em></strong></span> <span class='ocrx_word' id='word_1_242' title='bbox 302 2889 426 2958; x_wconf 86' lang='grc' dir='ltr'><strong><em>παθων</em></strong></span> <span class='ocrx_word' id='word_1_243' title='bbox 447 2890 482 2945; x_wconf 91' lang='lat' dir='ltr'><strong><em>R.</em></strong></span> 
     </span>
    </p>

    <p class='ocr_par' dir='ltr' id='par_1_11' title="bbox 70 2953 1081 3241">
     <span class='ocr_line' id='line_1_32' title="bbox 154 2953 1081 3073; baseline 0.004 -44"><span class='ocrx_word' id='word_1_244' title='bbox 154 2974 188 3028; x_wconf 88' lang='lat' dir='ltr'><strong><em>D.</em></strong></span> <span class='ocrx_word' id='word_1_245' title='bbox 211 2963 244 3030; x_wconf 84' lang='grc' dir='ltr'><strong><em>τὸ</em></strong></span> <span class='ocrx_word' id='word_1_246' title='bbox 259 2970 375 3033; x_wconf 77' lang='grc' dir='ltr'><strong><em>πείθειν</em></strong></span> <span class='ocrx_word' id='word_1_247' title='bbox 378 2959 487 3069; x_wconf 75' lang='grc' dir='ltr'><strong><em>ἔγωγ’]</em></strong></span> <span class='ocrx_word' id='word_1_248' title='bbox 505 2953 638 3031; x_wconf 78' lang='grc' dir='ltr'><strong><em>ίστίον”</em></strong></span> <span class='ocrx_word' id='word_1_249' title='bbox 619 2992 666 3033; x_wconf 89' lang='grc' dir='ltr'><strong><em>οτι</em></strong></span> <span class='ocrx_word' id='word_1_250' title='bbox 666 2975 734 3069; x_wconf 78' lang='grc' dir='ltr'><strong><em>τῆς</em></strong></span> <span class='ocrx_word' id='word_1_251' title='bbox 742 2972 904 3072; x_wconf 76' lang='grc' dir='ltr'><strong><em>είδωλιιιῆς</em></strong></span> <span class='ocrx_word' id='word_1_252' title='bbox 924 2971 1081 3073; x_wconf 73' lang='grc' dir='ltr'><strong><em>ῥητορικῆς</em></strong></span> 
     </span>
     <span class='ocr_line' id='line_1_33' title="bbox 71 3044 1080 3159; baseline 0.003 -45"><span class='ocrx_word' id='word_1_253' title='bbox 71 3045 178 3115; x_wconf 80' lang='grc' dir='ltr'><strong><em>ἐστὶν</em></strong></span> <span class='ocrx_word' id='word_1_254' title='bbox 167 3077 182 3117; x_wconf 95' lang='grc' dir='ltr'><strong><em>ο</em></strong></span> <span class='ocrx_word' id='word_1_255' title='bbox 201 3044 395 3129; x_wconf 84' lang='grc' dir='ltr'><strong><em>τἰποδοθείς</em></strong></span> <span class='ocrx_word' id='word_1_256' title='bbox 379 3075 460 3155; x_wconf 85' lang='grc' dir='ltr'><strong><em>ορος·</em></strong></span> <span class='ocrx_word' id='word_1_257' title='bbox 491 3045 751 3134; x_wconf 76' lang='grc' dir='ltr'><strong><em>δημοκοπικίγν’</em></strong></span> <span class='ocrx_word' id='word_1_258' title='bbox 710 3079 770 3159; x_wconf 92' lang='grc' dir='ltr'><strong><em>γαρ</em></strong></span> <span class='ocrx_word' id='word_1_259' title='bbox 786 3080 854 3119; x_wconf 90' lang='grc' dir='ltr'><strong><em>τινα</em></strong></span> <span class='ocrx_word' id='word_1_260' title='bbox 868 3054 943 3135; x_wconf 80' lang='grc' dir='ltr'><strong><em>λέγει</em></strong></span> <span class='ocrx_word' id='word_1_261' title='bbox 959 3052 1080 3138; x_wconf 80' lang='grc' dir='ltr'><strong><em>ταύτην,</em></strong></span> 
     </span>
     <span class='ocr_line' id='line_1_34' title="bbox 70 3130 993 3246; baseline 0.004 -48"><span class='ocrx_word' id='word_1_262' title='bbox 70 3140 187 3201; x_wconf 85' lang='grc' dir='ltr'><strong><em>πείθειν</em></strong></span> <span class='ocrx_word' id='word_1_263' title='bbox 197 3130 438 3241; x_wconf 70' lang='grc' dir='ltr'><strong><em>ἓπιγειρουσαν</em></strong></span> <span class='ocrx_word' id='word_1_264' title='bbox 410 3161 461 3200; x_wconf 90' lang='grc' dir='ltr'><strong><em>τον</em></strong></span> <span class='ocrx_word' id='word_1_265' title='bbox 471 3141 644 3241; x_wconf 86' lang='grc' dir='ltr'><strong><em>πλημμελως</em></strong></span> <span class='ocrx_word' id='word_1_266' title='bbox 655 3134 831 3219; x_wconf 76' lang='grc' dir='ltr'><strong><em>κινούμενον</em></strong></span> <span class='ocrx_word' id='word_1_267' title='bbox 836 3135 981 3246; x_wconf 75' lang='grc' dir='ltr'><strong><em>ὅγλονε</em></strong></span> <span class='ocrx_word' id='word_1_268' title='bbox 960 3146 993 3202; x_wconf 94' lang='lat'><strong><em>0.</em></strong></span> 
     </span>
    </p>

    <p class='ocr_par' dir='ltr' id='par_1_12' title="bbox 63 3217 1082 3478">
     <span class='ocr_line' id='line_1_35' title="bbox 154 3217 1079 3330; baseline 0.005 -46"><span class='ocrx_word' id='word_1_269' title='bbox 154 3229 186 3284; x_wconf 89' lang='lat' dir='ltr'><strong><em>E.</em></strong></span> <span class='ocrx_word' id='word_1_270' title='bbox 196 3217 382 3330; x_wconf 87' lang='grc' dir='ltr'><strong><em>δυναμιν</em></strong></span> <span class='ocrx_word' id='word_1_271' title='bbox 350 3246 409 3324; x_wconf 91' lang='grc' dir='ltr'><strong><em>την</em></strong></span> <span class='ocrx_word' id='word_1_272' title='bbox 419 3217 626 3323; x_wconf 61' lang='grc' dir='ltr'><strong><em>ῥητορικὴν</em></strong></span> <span class='ocrx_word' id='word_1_273' title='bbox 588 3246 645 3284; x_wconf 85' lang='grc' dir='ltr'><strong><em>ναν</em></strong></span> <span class='ocrx_word' id='word_1_274' title='bbox 658 3227 754 3285; x_wconf 84' lang='grc' dir='ltr'><strong><em>καλει·</em></strong></span> <span class='ocrx_word' id='word_1_275' title='bbox 777 3234 890 3325; x_wconf 83' lang='grc' dir='ltr'><strong><em>προϊων</em></strong></span> <span class='ocrx_word' id='word_1_276' title='bbox 902 3222 934 3286; x_wconf 91' lang='grc' dir='ltr'><strong><em>δε</em></strong></span> <span class='ocrx_word' id='word_1_277' title='bbox 946 3219 1016 3289; x_wconf 71' lang='grc' dir='ltr'><strong><em>οὐδὲ</em></strong></span> <span class='ocrx_word' id='word_1_278' title='bbox 1027 3221 1079 3288; x_wconf 81' lang='grc' dir='ltr'><strong><em>δά·</em></strong></span> 
     </span>
     <span class='ocr_line' id='line_1_36' title="bbox 72 3297 1082 3431; baseline 0.002 -60"><span class='ocrx_word' id='word_1_279' title='bbox 72 3332 161 3415; x_wconf 82' lang='grc' dir='ltr'><strong><em>νριμιν</em></strong></span> <span class='ocrx_word' id='word_1_280' title='bbox 173 3297 266 3373; x_wconf 75' lang='grc' dir='ltr'><strong><em>οὖσαν</em></strong></span> <span class='ocrx_word' id='word_1_281' title='bbox 277 3298 409 3408; x_wconf 76' lang='grc' dir='ltr'><strong><em>δείξει’</em></strong></span> <span class='ocrx_word' id='word_1_282' title='bbox 372 3302 475 3408; x_wconf 77' lang='grc' dir='ltr'><strong><em>αυτην,</em></strong></span> <span class='ocrx_word' id='word_1_283' title='bbox 487 3297 592 3369; x_wconf 72' lang='grc' dir='ltr'><strong><em>ἔπιδ’</em></strong></span> <span class='ocrx_word' id='word_1_284' title='bbox 559 3328 612 3387; x_wconf 84' lang='grc' dir='ltr'><strong><em>ονγ</em></strong></span> <span class='ocrx_word' id='word_1_285' title='bbox 622 3298 680 3392; x_wconf 75' lang='grc' dir='ltr'><strong><em>ὃρᾷ</em></strong></span> <span class='ocrx_word' id='word_1_286' title='bbox 690 3300 763 3390; x_wconf 79' lang='grc' dir='ltr'><strong><em>πρὸς</em></strong></span> <span class='ocrx_word' id='word_1_287' title='bbox 773 3299 907 3388; x_wconf 86' lang='grc' dir='ltr'><strong><em>άγαθόν,</em></strong></span> <span class='ocrx_word' id='word_1_288' title='bbox 926 3306 1082 3431; x_wconf 83' lang='grc' dir='ltr'><strong><em>δυνάμεως</em></strong></span> 
     </span>
     <span class='ocr_line' id='line_1_37' title="bbox 63 3383 812 3478; baseline 0.005 -23"><span class='ocrx_word' id='word_1_289' title='bbox 63 3383 248 3476; x_wconf 85' lang='grc' dir='ltr'><strong><em>δεπασης</em></strong></span> <span class='ocrx_word' id='word_1_290' title='bbox 218 3414 252 3456; x_wconf 91' lang='grc' dir='ltr'><strong><em>το</em></strong></span> <span class='ocrx_word' id='word_1_291' title='bbox 260 3413 336 3478; x_wconf 89' lang='grc' dir='ltr'><strong><em>προς</em></strong></span> <span class='ocrx_word' id='word_1_292' title='bbox 344 3413 431 3457; x_wconf 87' lang='grc' dir='ltr'><strong><em>τουτο</em></strong></span> <span class='ocrx_word' id='word_1_293' title='bbox 445 3383 530 3478; x_wconf 82' lang='grc' dir='ltr'><strong><em>ὁρην.</em></strong></span> <span class='ocrx_word' id='word_1_294' title='bbox 553 3397 587 3455; x_wconf 89' lang='grc' dir='ltr'><strong><em>Β.</em></strong></span> <span class='ocrx_word' id='word_1_295' title='bbox 807 3449 812 3459; x_wconf 90' lang='grc'><strong>.</strong></span> 
     </span>
    </p>
   </div>
   <div class='ocr_carea' id='block_1_4' title="bbox 0 0 1208 3764">
    <p class='ocr_par' dir='ltr' id='par_1_13' title="bbox 0 0 1208 3764">
     <span class='ocr_line' id='line_1_38' title="bbox 0 0 1208 3764; baseline 0 1"><span class='ocrx_word' id='word_1_296' title='bbox 0 0 1208 3764; x_wconf 95' lang='lat' dir='ltr'><strong><em> </em></strong></span> 
     </span>
    </p>
   </div>
  </div>
 </body>
</html>
