2408 3764
66 176 103 235 69
204 168 301 227 ΤΗΣ
317 167 598 229 ΠΛΑΤΩΝΟΣ
618 169 946 231 ΦΙΛΟΣΟΦΙΑΣ
1011 167 1075 235 213

66 329 235 434 προσόπων
251 323 271 413 5
289 323 348 394 άπὸ
366 325 560 432 πραγμάτων·
581 324 669 394 καί’
651 325 710 394 απδ
721 329 888 434 προσάπων
899 357 919 413 5
905 323 1074 399 ’“τελειοάν-

67 441 127 480 των
143 441 163 497 5
149 410 391 519 “τελειουμένων
406 407 536 496 ἢχρείαν
553 408 621 477 τινά
638 408 906 498 άπαπληροάντων·
929 415 1077 482 τελειοόν-

67 525 127 564 των
142 494 230 579 μίν
212 524 251 574 ως
264 495 311 561 έκί
320 521 373 561 τον
360 500 577 601 Παρμενίδου
595 499 646 561 καί
658 501 784 578 Τιμαίου
795 500 937 581 ε’ποίιρσεν,
949 507 1074 565 τελειου-

67 584 224 665 μένωνδέ,
244 577 283 658 ὡς
299 582 348 644 έπλ
363 586 415 644 τοῦ
430 574 623 683 Ἀλκιβιάδου
634 584 686 645 καί
700 585 834 665 Φαίδρου
844 584 945 646 καλ
905 609 964 647 των
974 581 1073 655 555-

66 691 140 731 των·
153 669 262 767 χρείαν
264 666 297 729 δέ
306 690 374 728 τινα
384 658 676 771 άποπλργροάντων,
657 691 697 741 ως
708 665 757 728 έπλ
766 689 818 766 τρν
805 670 985 749 Κρίτωνος.
1006 672 1033 733 εί
1043 669 1076 734 δέ

67 744 127 815 άπδ
139 746 337 857 πραγμάτων
331 756 445 814 ποιοῖτο
454 745 507 823 τδις
518 742 736 853 έπῳραφάς,“
705 775 726 830 5
737 741 797 811 άπο
786 742 971 830 γινομένων
980 759 1074 818 ποιεῖ-

66 858 123 910 ται,
143 831 214 910 ὦςέ
200 835 298 898 έ”πί
261 858 314 914 της
328 831 468 939 Ἀπολογί
467 858 511 912 ας,
529 857 604 915 αυτη
620 858 707 936 γαρ
695 838 755 897 τῶν
764 834 933 938 γινομένων
944 834 1076 918 έστίν,“
1053 863 1076 918 5

67 913 126 984 άπο
115 913 364 1020 ζητουμένων*
344 943 383 992 ως
394 917 441 980 ἐπί
452 941 504 980 τον
490 910 707 1007 Σοφιστοῦ,ἢ
717 911 776 980 άπὸ
788 921 841 979 τοῦ
852 962 980 980 .......

151 1009 224 1066 XIX.
247 997 405 1103 Ἕβδομον
418 1001 465 1063 ἕπλ
491 1008 552 1076 τοῖς
565 944 732 1105 είρημένόις
751 995 958 1108 55055555‘
941 1009 1014 1082 ημῖν
1034 1006 1076 1078 είς

65 1083 187 1188 ζήτησιν
201 1079 405 1185 κεφάλαιον
377 1108 410 1148 το
424 1093 544 1195 μαθεῖν,
558 1083 656 1151 πόθεν
670 1079 759 1150 δεῖ
727 1110 780 1160 τας
794 1085 949 1192 διαιρέσεις
961 1109 1021 1148 των
1031 1112 1074 1149 τι·

65 1166 209 1270 μιγμάτων
221 1164 345 1234 ἑκάστου
359 1167 541 1252 διαλόγου’
510 1177 616 1275 ευρεῖν.
636 1196 727 1254 τριων
740 1167 872 1234 τοίνυν”
855 1192 950 1235 οντων
961 1165 1075 1258 έκάστῳ

67 1249 212 1340 διαλόγῳ,
239 1255 367 1355 ίστορίας
386 1255 438 1318 καί
446 1253 638 1361 προσῳπων,
662 1258 847 1335 διαλεκτικῆς
867 1252 919 1315 καλ
939 1232 1075 1356 συλλογί-

66 1343 159 1417 σμων,
174 1316 224 1400 ίιαί
239 1331 454 1427 δογμάτων,’
420 1362 477 1402 ουκ
491 1331 550 1404 άπὸ
563 1344 624 1441 τῆς
629 1341 758 1423 ἱστορίας
768 1338 874 1402 καί
833 1363 893 1402 των
906 1334 1076 1439 πρρσοέπων

16 1476 22 1488 ,
67 1424 116 1484 δεῖ
126 1428 277 1485 ποιεῖσθαι
289 1427 341 1496 τὰς
355 1423 523 1524 διαιρέσεις,
539 1419 678 1527 καθάπερ
693 1424 769 1499 τινὲς
783 1428 911 1503 ποιοῦσι,
926 1415 980 1486 τόν
994 1430 1073 1508 Γορ-

64 1507 135 1588 γίαν
155 1508 340 1609 διαιροῦντες
357 1508 398 1581 είς
416 1500 486 1582 τοός
498 1501 573 1593 πρὸς
592 1511 724 1591 Γοργίαν
737 1508 789 1571 καί
803 1512 914 1571 Πῶλον
927 1508 979 1569 καλ
992 1511 1072 1570 Καλ

65 1589 166 1652 λικλέα
179 1585 306 1672 λόγους,
306 1582 363 1653 οάκ
376 1589 410 1653 έιι
423 1587 537 1656 τοότων
549 1596 598 1656 δεῖ
602 1600 769 1657 ποιεῖσθαι
784 1588 928 1664 πολλάκις
938 1584 996 1675 γάρ
1007 1592 1075 1675 περί

64 1671 223 1776 πράγματα
242 1671 468 1751 κατασκευάζων
472 1677 630 1780 ’μέρος
593 1703 645 1759 της
664 1682 847 1782 umaoxev5'c
867 1678 956 1739 εἴωθε
974 1676 1075 1757 νέμειν

65 1780 101 1843 τῳ
87 1759 235 1845 δευτέρῳ
250 1761 364 1845 ἱστορία
378 1760 429 1823 καί
443 1785 484 1847 τῳ
472 1763 622 1848 ’δευτέρῳ
631 1758 790 1848 προσώπῳ
807 1754 874 1822 ἄλλ’
891 1752 961 1823 οὐδὲ
974 1760 1058 1822 έκ
1021 1786 1074 1840 της

65 1821 249 1945 διαλεκτικῆς
262 1843 313 1907 καί
326 1848 387 1906 τῶν
390 1823 584 1949 συλλογισ
560 1870 602 1909 ων
615 1852 768 1909 ποιεῖσθαι
783 1837 871 1907 δεῖ
840 1867 892 1917 τας
908 1844 1073 1945 διαιρέσεις,

65 1923 205 2011 καθάπερ
225 1928 301 2002 τινὲς
315 1933 450 2031 ποιοῦσι,
472 1924 525 1993 τόν
529 1925 732 2032 Αλκιβιάδιρν
748 1933 949 2030 διαιροῦντες
946 1929 987 2001 είς
1006 1922 1075 2002 τοὺς

66 2011 137 2076 δέκα
146 2005 358 2115 συλλογισμοὺς
370 2035 440 2087 τους
454 2006 538 2075 ἐν’
500 2038 581 2115 αυτῳ
567 2013 862 2116 πριραδιδομένους·
878 2004 1073 2113 555'55155-

66 2120 126 2159 των
138 2085 194 2158 οὖν
204 2099 253 2159 δεῖ
257 2101 410 2157 ποιεῖσθαι
425 2091 517 2159 διά
485 2120 542 2198 τγν
551 2091 646 2178 αὐτὴν
656 2098 768 2160 αἰτίαν·
783 2092 926 2169 πολλάκις
933 2089 994 2201 γάρ
1000 2097 1073 2197 περί

56 2186 117 2242 ’τοῦ
132 2172 223 2242 αὐτοῦ
235 2175 407 2259 πράγματος
418 2176 589 2287 διαφόρους
593 2183 669 2284 λέγει
685 2176 943 2326 συλλογισμούς,
922 2204 961 2253 ως
971 2173 1012 2260 μὴ
1021 2202 1072 2242 πε-

67 2266 223 2363 ραίνεσθαι
233 2264 273 2336 είς
286 2263 338 2324 ἕνα
351 2259 589 2346 συλλογισμόν
557 2289 594 2329 τα
604 2271 656 2347 τῆς
663 2269 794 2343 δείξεως
808 2257 904 2328 άλλ’έ
903 2288 922 2326 κ
932 2269 992 2327 τῶν
1003 2266 1072 2346 δογ-

66 2341 168 2425 μάτων
183 2339 271 2407 δεῖ
240 2370 292 2421 τας
307 2347 403 2412 διαιέ
402 2367 461 2424 σεις
474 2357 635 2415 ποιεῖσθαι.

151 2434 213 2491 XX
217 2425 350 2537 Ὀγδοον
369 2372 484 2496 55
433 2441 495 2510 τοῖς
514 2435 614 2517 είρημέ
614 2459 675 2510 νοις
696 2430 860 2514 κεφάλαιον
877 2436 958 2510 δεῖζ
942 2438 1071 2535 ζητῆσαι,
1100 2456 1104 2473 ¹

64 2519 150 2587 ποῖος
162 2507 286 2596 ὑπάρχει
300 2511 317 2578 5
329 2510 437 2618 τρόπος
451 2523 610 2620 σρνουσίας
628 2525 688 2584 τῶν
703 2519 735 2582 έν
750 2544 791 2604 τῳ
778 2514 936 2623 διῳλόγῳ
956 2513 1071 2601 προσά-

64 2620 140 2698 παγν.
157 2596 252 2702 ίστέρν
264 2596 406 2702 τοίνυν,”
390 2625 435 2664 οτι
446 2596 502 2684 τὴν
516 2607 678 2668 συνουσίαν
671 2599 849 2706 ποιεῖταιίγ
844 2597 916 2668 διά
929 2607 989 2664 τῶν
972 2624 1072 2721 προ·

66 2677 175 2745 σάπων
189 2675 296 2783 ριάτῶν,
312 2677 352 2756 ὡς
364 2680 437 2747 όταν
451 2683 593 2788 είσαγάγῳ
610 2682 702 2752 αὐτόν
716 2683 768 2752 τόν
781 2683 959 2770 Σωκράτη*
965 2680 996 2783 5
992 2683 1071 2746 *55-

66 2771 118 2867 λογ
138 2759 205 2828 τινά
202 2761 433 2870 διαλεγόμενον
451 2764 492 2832 δι’
505 2772 630 2872 ξαυτοιῖ,
653 2765 733 2873 ἢδι’
751 2771 856 2872 ἑτέρων
874 2773 966 2832 τινοῖν
979 2759 1071 2830 5555-

65 2846 182 2912 σάντων
196 2849 229 2912 ἐκ
243 2846 425 2955 πρρσοόπων,
447 2847 486 2928 ὡς
505 2849 577 2917 όταν
597 2851 701 2918 είσα’
652 2879 760 2960 αγῳ
752 2848 820 2917 τινά
833 2854 901 2937 περὶ
913 2847 1072 2955 πράγματα

66 2929 308 3038 διαλεγόμενον
288 2961 308 2996 α
322 2931 431 3040 ᾔκουσε
443 2935 661 3040 Σωκράτους,
646 2966 667 3021 5
678 2934 728 3001 δια
739 2933 837 3001 άλλων
847 2939 880 3000 έκ
891 2934 1004 3001 τοότων
1012 2959 1072 2999 των

66 3010 259 3082 ἀκουσάντων
279 3013 338 3083 άπὸ
330 3016 533 3126 Σωκράτους
552 3018 740 3126 μαθόντων,
752 3015 830 3125 ἢδί
848 3018 946 3085 άλλων
966 3020 1053 3084 ἐκ
1012 3043 1073 3083 των

66 3097 242 3202 δευτέρων’
224 3101 426 3185 ακουσάντων,
442 3101 482 3182 ὡς
494 3107 577 3190 μέχρι
587 3104 700 3171 τούτων
709 3100 951 3190 τὴνπρόοδον
910 3130 970 3210 τῳν
980 3097 1072 3206 άκρω-
1101 3148 1105 3157 -

66 3182 182 3249 σάντων
201 3191 352 3293 γίρεσθαι,
359 3192 476 3291 μηκέτι
495 3191 528 3254 δὲ
542 3193 703 3297 περαιτέρω
717 3197 875 3283 προβῆναι.
901 3183 961 3254 κάν
976 3182 1074 3292 τούτῳ

66 3269 100 3332 55
110 3267 244 3333 πάλιν
212 3296 268 3353 την
281 3280 341 3338 τῶν
356 3269 450 3337 ’ὄντων
463 3271 548 3354 τάξιν
561 3273 746 3383 μιμορίμενος
750 3280 894 3381 φαίνεται.
911 3268 946 3339 οό
944 3269 1073 3381 πρόεισι

64 3348 124 3439 γάρ
144 3359 304 3458 περαιτέρω
323 3365 382 3422 τῶν
401 3363 522 3445 τρίτων,
551 3356 703 3445 ἐπειδὴ
673 3388 709 3432 τα
729 3359 801 3427 ὅντα
820 3353 1111 3543 Ἢ
