2408 3764
78 212 127 250 xvi
489 199 725 250 PRAEFATIO.
748 191 750 195 ⁷

78 340 265 390 conferendum·
280 338 389 396 cumvit3
408 335 449 385 his
467 341 551 385 sutem
566 338 655 387 tertius
671 341 938 391 necessitPerisiensis
956 339 1039 407 181o‚
1056 350 1077 392 et

80 408 180 460 Mlilleri
196 423 272 473 opera
287 405 405 464 collatus,
421 404 465 467 qui
480 406 527 453 etsi
540 405 624 455 Albini
640 405 756 457 libellum
774 424 789 457 s
804 411 907 473 juniore
921 425 999 461 manu
1014 426 1077 474 quon

79 490 147 528 teras
164 478 258 528 codicis
274 482 360 540 partes
377 475 499 537 scriptum
513 489 569 522 esse
585 483 684 534 narret,
703 484 852 527 nontamen
870 481 955 527 miuus
971 496 1077 531 memoro

80 549 140 598 inde
160 546 280 597 lectiones
293 543 418 601 euotevit3
435 556 498 603 ques
513 542 585 604 ipsas
596 544 649 607 jem
664 558 721 593 cum
738 548 914 610 superioribus
930 549 966 596 ite
985 552 1077 614 conjun

79 624 115 673 ut,
135 631 213 678 quum
232 612 401 663 Schneiderus
419 610 634 672 Lobcovlcensem
658 626 732 660 suum
751 613 824 662 litere
841 616 878 672 A,
896 615 1077 667 Holsteniunun

80 685 152 734 bricii
170 685 190 733 Β
207 676 385 746 insigniverit,'
396 694 444 745 ego
457 679 627 730 Purisiensem
643 678 713 730 2290
731 679 765 741 G,
783 681 890 731 alterum
909 682 977 735 1816
992 685 1028 747 Ι),
1044 688 1077 736 Lu

78 767 184 815 nensem
206 749 461 813 monuissemus
486 748 627 813 appellem,
651 747 799 800 Schneideri
824 751 933 814 denique
958 755 1077 802 emendat⁴

78 820 203 882 literas,
229 833 301 885 meas
321 818 344 868 H
361 826 456 870 notem.
502 816 530 867 G.
549 819 563 881 Ι4
581 813 667 867 τοῦτο
686 809 808 868 δύναται
835 818 892 880 Bo,
925 806 1008 877 οὖτος
1026 813 1077 870 δύο

78 891 162 944 εδεοε.
176 884 261 938 τοῦτο
278 890 311 938 A.
327 915 364 927 —
379 876 415 937 ἂν
434 878 453 952 ἡ
472 877 560 953 βουλὴ
576 872 600 952 μ’
616 875 685 951 ἢΗ,
705 876 743 937 ἂν
760 879 880 956 ἡβοολή
897 875 935 954 ἦν
948 891 984 949 Α,
998 877 1041 938 ,ἂν
1059 885 1076 956 β

77 945 168 1042 {BQ
185 959 254 1023 quod
265 960 320 1024 jam
337 957 469 1008 Fischsrus
487 970 521 1004 ex
529 954 642 1006 Platonis
660 959 745 1021 verbis
764 959 888 1020 correxit,
905 959 1077 1024 praemissos

78 1043 113 1095 ῃ,
133 1029 202 1092 quod
222 1029 366 1080 communie
381 1026 503 1074 libromm
519 1026 628 1090 vestigio
645 1025 688 1076 hic
700 1030 820 1094 postponi
832 1031 975 1094 coegerunt.
986 1055 1021 1064 -
1039 1019 1077 1076 οδ,

78 1089 160 1158 δότες
178 1098 254 1159 ABG,
273 1113 323 1161 quo
341 1103 426 1145 tomen
442 1100 544 1159 recepto
563 1095 685 1160 deinceps
703 1110 754 1145 non
767 1099 851 1147 solum
868 1113 925 1148 oum
936 1094 977 1146 BG
994 1088 1063 1146 οὐδὲ

79 1165 244 1233 λονοῦδτες,
266 1166 312 1214 sed
336 1165 411 1213 etiem
421 1222 424 1227 Ι
434 1155 626 1228 προελθόντες
641 1156 678 1228 δὴ
695 1166 856 1216 scribendum
870 1168 948 1227 foret3
974 1167 1054 1215 setius
1070 1167 1077 1215 i

79 1241 164 1289 visum
182 1244 234 1294 est,
251 1242 351 1284 servato
366 1248 424 1283 cnm
441 1233 465 1282 A
482 1228 731 1298 διομολονοῦντοιι,
750 1238 911 1300 negationem
928 1250 943 1284 e
959 1235 1073 1285 Platonis

78 1309 158 1357 tontis
175 1304 271 1368 puriter
288 1317 318 1352 ec
336 1302 408 1354 libris
425 1301 534 1352 alienam
550 1290 763 1358 circumscribere.
774 1292 886 1353 -οὗδὲ
902 1295 954 1368 yolo
970 1294 1039 1352 ἄνευ
1049 1297 1077 1353 τὲ

79 1365 159 1430 τινὸς
176 1366 235 1420 ταδ’
250 1363 399 1436 δονάμεοίς
418 1365 472 1421 εἰσι
491 1364 677 1438 γεγραμμένοι
698 1380 758 1437 post
781 1364 913 1436 διάλογος
930 1372 951 1421 Β
983 1372 1077 1422 melei

79 1441 252 1494 Schneidcrus
268 1455 325 1491 oum
344 1444 367 1490 A
385 1450 454 1491 recte
474 1442 592 1491 omisisse
606 1442 716 1494 videtur.
735 1469 773 1482 -
788 1439 970 1506 συγκείμενος
987 1438 1056 1506 περί
1070 1458 1077 1491 ι

79 1511 135 1573 Bo,
152 1501 332 1574 οογιιείμενόο
348 1523 426 1567 τινος
442 1509 503 1571 AD,
522 1507 703 1575 οννιιέίμενος
714 1508 794 1568 τίνος
811 1511 864 1570 EF,
883 1511 948 1561 miro
967 1511 993 1559 in
1010 1512 1077 1560 omitt

79 1581 271 1647 praepositione
286 1595 427 1639 consensu,
444 1595 495 1643 que
508 1588 596 1630 tamen
614 1595 699 1630 carere
714 1587 839 1631 stmctnra
856 1583 901 1631 vix
915 1586 1010 1645 potest.
1031 1606 1066 1617 —

79 1643 156 1701 εἶναι
170 1641 278 1715 λέγεται
295 1653 319 1699 Α
336 1657 361 1699 et
376 1645 559 1713 Schneiderus‚
587 1649 768 1716 probabiliter,
791 1652 857 1699 sicut
875 1651 950 1701 etiem
973 1664 1038 1712 quse
1058 1649 1077 1698 lt

80 1721 229 1784 conjecture
242 1726 302 1783 post
319 1707 479 1784 ἐρωτήσεως
494 1719 602 1768 inseruit
611 1714 659 1767 ναὶ
675 1708 860 1784 ἀποκρίσεως,
875 1734 925 1769 non
937 1718 1077 1769 tumenedc

81 1789 193 1841 cessarie
209 1795 238 1837 nt
254 1787 325 1852 quod
341 1789 431 1838 eodem
450 1789 516 1839 duce
533 1802 593 1838 mox
609 1789 666 1853 ipse
678 1791 764 1854 recepi
782 1780 873 1854 διότι,
893 1803 940 1853 per
957 1788 1077 1838 homoeur

79 1866 107 1908 ut
125 1858 240 1920 videtur,
265 1865 323 1908 ente
344 1848 494 1921 διαφόρων
509 1865 609 1908 mature
628 1859 760 1913 omissum.
779 1887 816 1899 -
837 1854 884 1905 δεῖ
897 1857 1031 1922 παρεῖναι
1046 1871 1077 1906 tto

80 1931 103 1977 A
123 1935 148 1977 et
169 1925 355 1987 Schneiderus‚
377 1941 452 1990 quem
476 1927 550 1989 sequi
575 1926 644 1976 bend
666 1927 792 1989 dubitavi',
815 1942 969 1990 quamquem
989 1936 1077 1991 προοο

81 1994 168 2056 σθαι,
187 1996 257 2058 quod
275 2010 335 2046 cunr
350 1995 466 2045 cancellis
481 1996 612 2046 Fabricius
628 1997 773 2062 adjecemt,
792 1997 847 2061 jem
865 1997 891 2044 in
909 1997 966 2048 Pur.
983 1993 1002 2044 G
1017 1997 1077 2045 inve

80 2073 133 2126 est,
155 2079 206 2114 uon
221 2079 296 2115 secus
317 2079 348 2114 sc
364 2061 444 2129 περί,
468 2065 538 2127 qnod
557 2065 625 2115 idem
642 2065 719 2132 penio
736 2075 794 2115 ente
810 2066 921 2132 genitivo
938 2061 990 2129 τῆς
1007 2055 1077 2113 κατὰ

81 2127 157 2196 λέξιν
173 2129 349 2198 successorio
363 2134 510 2199 pmcmisit3
528 2141 554 2183 et
571 2135 600 2186 id
617 2135 702 2201 ipsum
717 2137 866 2185 correctoris
881 2148 985 2183 monum
1002 2133 1077 2198 argui·

81 2196 202 2268 ἔχουσαν
219 2203 243 2253 A
261 2211 286 2254 et
306 2202 492 2266 Schneiderus‚
516 2196 591 2268 ἔχειν
606 2205 643 2266 Β,
669 2196 725 2269 ἔχει
745 2203 778 2264 G,
804 2218 859 2267 quo
877 2202 973 2252 librarii
995 2209 1077 2252 struct·

83 2274 177 2322 omisso
196 2273 332 2337 παρεῖναι
345 2272 458 2322 hiantem
473 2274 595 2323 resarcire
612 2273 726 2324 voluisse
743 2273 877 2331 videntum
896 2287 963 2321 nnnc
979 2270 1064 2321 omnie

80 2347 147 2391 tecte
161 2349 229 2394 snut.
265 2340 402 2391 Dillicilior
420 2356 498 2392 censs
516 2349 554 2392 est
567 2343 727 2405 sequentinm
738 2338 795 2390 τοῖν
809 2331 958 2405 δυνάμεων
963 2377 973 2402 ,
989 2354 1054 2402 quse
1069 2354 1077 2401 ι

79 2409 153 2460 sulus
164 2412 352 2460 constructione
367 2411 457 2460 abesse
472 2411 585 2474 possint,
600 2411 806 2461 circumscribere
818 2425 894 2474 qnam
909 2410 1043 2460 emendare
1059 2422 1077 2458 u

81 2493 236 2543 quemquem
254 2479 329 2528 eitius
348 2480 517 2544 corruptelam
528 2480 605 2530 latere
617 2479 695 2530 lecile
710 2495 834 2546 ugnosc03
850 2494 897 2529 nec
915 2487 1001 2530 temen
1019 2485 1064 2528 eut

79 2547 250 2599 Schneiderus
273 2549 381 2598 tentavit
403 2539 461 2598 διτδ
484 2545 541 2598 τῶν
562 2540 600 2613 μὴ
620 2542 787 2614 δυναμένων
807 2555 850 2599 ent
865 2549 934 2612 qnod
950 2550 1006 2614 ipse
1023 2547 1077 2597 oliu

79 2618 192 2668 riolsber
215 2607 255 2674 cio
272 2607 307 2666 οὗ
324 2609 487 2682 δονοίμενον
503 2617 634 2669 satisfecit.
659 2617 791 2669 Meliorem
806 2634 862 2668 cnm
878 2618 1078 2669 Atheniensibus

80 2688 249 2752 ceptetionem
266 2687 382 2753 Thucyd.
403 2687 437 2740 V.
453 2687 586 2738 85-112
610 2688 704 2752 respici
722 2696 818 2738 certum
833 2696 886 2747 cst3
904 2688 981 2738 verba
997 2694 1077 2736 autern

80 2758 190 2820 emico,
210 2756 262 2806 nisi
276 2754 342 2807 lorte
355 2747 506 2821 λεγόμενον
524 2746 581 2805 sind
604 2753 700 2809 τινοῖν,
712 2749 831 2823 δυνάμει
851 2749 1008 2806 εἰδοποιεῖν
1027 2757 1077 2806 scri

80 2826 144 2886 fuit,
158 2833 187 2875 ut
203 2826 286 2876 Alcin.
306 2842 329 2878 c.
346 2826 377 2876 6:
403 2816 434 2874 ἐν
450 2822 491 2894 τῷ
510 2821 636 2875 Φαίδωνι
654 2814 744 2885 οὕτως
760 2817 851 2894 ἐρωτᾷ
865 2816 994 2889 δυνάμει.
1024 2824 1077 2874 nen

81 2895 184 2944 demum
201 2895 346 2944 ¹verissime
372 2893 541 2946 Schneiderus
569 2911 626 2946 cum
648 2900 672 2946 A
699 2887 734 2946 οὗ
756 2888 885 2960 φήσομεν
911 2885 986 2942 εἶναι
1013 2885 1077 2944 dccii

79 2962 158 3028 vulgo
174 2964 271 3013 omissa
282 2965 394 3013 restituit
409 2965 571 3029 indidemque
586 2955 719 3029 ἀλλήλαις
733 2954 987 3028 ἀναγεγραμμένας
1001 2977 1048 3028 pro
1066 2968 1077 3012 ο

80 3029 141 3088 loto
155 3023 403 3096 ἀναγεγραμμένας
421 3035 509 3099 edidit.
532 3060 568 3073 —
592 3034 618 3085 G.
638 3036 673 3084 111
696 3034 780 3083 eidem
804 3032 924 3082 debemus
942 3033 1020 3083 verbs
1041 3020 1072 3081 ἐν

80 3088 147 3166 ἑξῆς
163 3128 201 3143 -
217 3092 419 3166 χαρακτήρων,
438 3120 503 3168 qnae
517 3107 544 3155 in
560 3104 601 3154 Bo
615 3118 662 3168 per
682 3101 901 3153 homoeoteleuton
923 3103 1072 3157 exciderunt

80 3159 233 3229 ἀπόδειξιν
250 3185 312 3221 vcro
332 3178 357 3220 et
379 3169 524 3237 Πολιτεία,
551 3182 617 3237 quae
635 3180 660 3221 et
677 3174 734 3236 ipsu
750 3170 791 3221 Bo
808 3173 940 3238 ignorant,
965 3171 1030 3221 mihi
1048 3186 1077 3254 qn

80 3237 144 3288 DEF
162 3239 403 3291 sumministraruntz
426 3269 459 3279 -
484 3243 512 3294 G.
532 3244 568 3293 IV
583 3236 624 3290 τοῦ
638 3232 793 3298 Πλάτωνος
806 3239 917 3304 moan'e
934 3232 965 3289 ol
983 3231 1034 3304 μὲν
1049 3255 1077 3289 αι

80 3299 114 3358 ol'
130 3297 162 3357 δὲ
180 3297 238 3358 cisso
255 3308 332 3370 Dus,
354 3307 410 3360 τοιῑ
427 3309 479 3362 nt.
500 3319 524 3363 et
540 3303 570 3361 cl
586 3289 637 3375 μδο
652 3303 705 3376 γὰρ
722 3301 781 3360 dud
801 3347 861 3361 ...
891 3301 922 3358 ol
945 3302 977 3358 δι’
991 3322 1067 3368 τινες

76 3375 145 3427 ABG
150 3415 163 3442 ,
189 3393 298 3442 quornm
317 3380 403 3431 minor
425 3381 493 3446 apud
516 3396 557 3433 me
582 3382 719 3430 auotoritas
741 3386 793 3439 est,
820 3379 971 3444 praesertim
994 3393 1072 3442 qunm

60 3441 153 3501 imm
166 3447 191 3496 A
204 3461 265 3498 cum
274 3450 344 3501 meis
356 3450 496 3503 concinere
509 3450 628 3513 videam,
643 3451 711 3501 utin
722 3438 821 3514 ἐπειδὴ
838 3463 884 3514 pro
903 3438 964 3498 ἐπεὶ
980 3437 1077 3513 ἄνομοι
