2408 3764
240 549 1035 660 οΛΥΜΠιοΛοΡοΥ

478 732 556 824 βίοι
580 732 784 836 Πλάτωνος·
854 812 857 816 ,

555 910 707 921 --

213 1023 233 1080 Ι.
255 1010 290 1079 0
309 1013 363 1095 μὲν
381 1005 615 1118 Ἀριστοτέλης’
597 1013 758 1119 αρχόρενος
782 1023 833 1099 τῆς
853 1017 959 1081 ἑαυτοῦ
979 1020 1135 1100 θεολογίας

129 1102 234 1182 φησίν·
254 1097 361 1173 πάντες
374 1094 534 1202 ἅνθρωποι
551 1100 662 1166 είδλνιιι
675 1093 830 1205 ὀρέγονται
839 1097 949 1204 φύσει,
967 1108 1088 1182 σημεῖον
1103 1101 1135 1165 δὲ

128 1183 223 1269 ἡτῶν
238 1176 442 1285 αἰσθήσεων’
425 1178 585 1286 αγολπησις·
608 1179 665 1268 ky&
681 1186 764 1250 δὲ
728 1211 780 1266 της
799 1210 852 1249 τον
839 1182 1032 1260 Πλάτωνος
1049 1193 1133 1266 φιλο·

129 1260 263 1348 σοφίας’
245 1265 407 1368 αρχόμενος
418 1261 542 1347 φαίην
521 1293 561 1330 οιν
571 1275 655 1372 τοῦτγ
667 1267 823 1351 μειζόνως,
838 1262 885 1336 ότι
895 1268 1002 1344 πάντες
1013 1266 1133 1374 ανδρω-

128 1377 179 1417 ποι
195 1354 246 1428 τῆς
256 1348 420 1423 Πλάτωνος
436 1346 645 1428 φιλοσοφίας’
627 1355 681 1435 ορλ
680 1379 797 1456 γονται,
814 1347 940 1439 χρηστόν
958 1347 1025 1455 παρ’
1042 1347 1134 1457 αυτοῖς

129 1457 255 1506 απαντες
267 1426 439 1533 ἀρύσασθαι
449 1429 656 1542 βουλόμεηοι,
657 1435 759 1498 καλ’
719 1462 839 1518 κατοχοι
849 1445 911 1513 τοῖς
921 1434 1028 1520 ταύτης
1038 1435 1135 1518 νόμα-

128 1540 177 1584 σιν
198 1511 274 1579 εἷναι
299 1509 520 1616 σπουδάζοντες,
543 1518 594 1580 κοιλ
614 1541 674 1580 των
689 1525 893 1583 Πλατωνικῶν
909 1523 1135 1625 λνθουοιασμῶη

128 1596 282 1705 πληρειςλ
282 1626 388 1676 αυτονς
406 1598 646 1702 καταοτησαντες.
678 1604 813 1750 τέσσαρες
831 1604 865 1665 δλ
879 1593 1006 1704 εἰσιη
969 1629 1050 1668 ουτοι
1066 1598 1134 1688 παρ’

116 1681 210 1769 ἴαντῷ
231 1687 264 1751 ἐν
283 1686 397 1787 τέτρασι
418 1680 580 1790 διαλόγοις·
608 1681 649 1761 εἷς
667 1686 752 1788 μλνέ
751 1713 770 1750 ν
790 1689 879 1788 Τιμαί
878 1709 917 1769 φ,
939 1679 976 1749 δν
991 1688 1137 1791 ἒηθονσιγῖ

128 1749 293 1876 θεόληπτος
308 1765 464 1855 γενόμενος
479 1764 562 1834 ταδ’
546 1766 778 1880 υποκρινόμινρς
793 1763 847 1835 τδν
865 1747 1046 1869 δημιουργόν
1060 1773 1137 1876 πρὸς

128 1851 165 1920 τδι
182 1850 310 1957 ουρόνια
327 1860 552 1958 δημηγορουητα
569 1856 636 1961 περὶ
651 1862 704 1958 τῆς
713 1860 778 1919 ’των
793 1858 863 1961 τηδι
877 1849 1114 1935 διοικησλως,
1084 1880 1138 1930 ους

128 1941 213 2016 νέους
232 1933 323 2014 θεους
344 1945 440 2002 καλεῖ·
467 1933 514 2005 διδ
537 1937 620 2006 τιαλδ
640 1935 795 2022 Ιόμβλιγος
815 1932 1114 2041 υπομνηματίζων
1083 1965 1138 2004 τον

129 2021 269 2107 διάλογον
285 2023 450 2127 ἐπέγραψεν
458 2018 542 2100 τίς
511 2050 567 2106 την
577 2027 760 2108 δημηγορίαν
769 2049 821 2089 του
808 2019 916 2099 Διός.
945 2018 1076 2106 δεύτερος
1089 2024 1135 2087 λυ-

128 2104 326 2215 θουσιασμός
332 2108 411 2172 ἐστιν
429 2109 461 2172 ἔν
476 2133 513 2195 τη
499 2113 677 2214 Πολιτεία,
695 2112 773 2174 ἔνθα
783 2105 992 2212 μουσόληπτος
1008 2132 1137 2217 γεγονως

128 2187 326 2294 υπεκρίθη
294 2217 347 2267 τας
357 2188 486 2268 Μοόσας
503 2188 714 2270 διιξωόσας
682 2218 738 2274 την
755 2189 887 2255 λυσιν
849 2218 902 2273 της
917 2186 966 2255 υπ’
980 2191 1072 2256 αὐτοῦ
1083 2210 1135 2255 συ-

129 2273 237 2358 στάσης
244 2278 407 2378 πολιτείας,
424 2279 502 2339 ἔνθα
512 2280 587 2357 φησί
585 2300 619 2339 ν·
574 2270 773 2341 ίιταντὶ
737 2301 797 2378 γαρ
807 2276 956 2381 γενομένῳ
967 2281 1019 2342 καλ
1030 2260 1135 2360 φθορα
1176 2329 1178 2334 .

129 2361 228 2425 ἕπεται
229 2353 309 2460 λς’
290 2355 432 2461 ανηὶγκης.
452 2361 562 2462 τρίτος
577 2353 826 2463 διιθουσιασμδς“
810 2386 827 2423 ο
845 2360 878 2423 ἐν
898 2365 947 2422 Φα
948 2362 1036 2464 ίδρφ,
1059 2363 1136 2425 ἔνθα

16 2448 19 2461 '
128 2438 188 2508 δπδ
204 2469 261 2546 την
280 2437 460 2506 πλάτανον
446 2470 462 2507 ο
480 2439 647 2550 Σιγιιρότης
662 2451 835 2524 φιλοσόφων
856 2444 923 2544 περὶ
942 2452 995 2508 τοῦ
1002 2428 1137 2541 ’Ἑρωτος

129 2523 339 2610 νυμφόληπτος
350 2527 469 2609 ἐγένετο.
490 2527 649 2629 τίταρτοςο
638 2521 694 2592 ‘gv
708 2521 896 2633 Θεαιτητφ,“
878 2550 955 2594 σπου
966 2554 1041 2599 κατα
1029 2523 1135 2604 φιλο-

130 2615 239 2693 σοφίαν
249 2604 499 2713 ἐνεθουσίασε,
469 2636 523 2677 τον
533 2619 702 2717 κορυφαῖον
712 2607 956 2759 γποκρινόμενος
957 2604 1135 2691 φιλόσοφον,

129 2688 302 2761 τουτέστι
272 2720 325 2759 τον
341 2691 534 2780 θεωρητικόν.
554 2694 666 2761 τούτων
680 2700 782 2761 τοίνυν
798 2699 897 2806 λυεκεη
912 2693 1018 2768 πάντες
1032 2717 1077 2801 τη
1082 2699 1136 2755 τοῦ

129 2777 290 2854 Πλάτωνος
305 2783 466 2882 φιλρσοφίηι
475 2781 703 2884 προστρέχουσι·
722 2781 795 2884 φλρε
803 2782 835 2845 δὲ
846 2783 897 2844 καλ
907 2803 939 2842 το
930 2773 1077 2884 γλνος”
1046 2799 1135 2839 ειποι-

129 2890 183 2967 μεη
193 2890 245 2928 του
232 2860 436 2945 φιλοσόφου,
448 2890 485 2929 ου
475 2858 703 2967 ’ποληκοΐας’
665 2891 761 2968 γαριν,
777 2859 838 2928 ἀλλ’
845 2858 991 2967 ὠφελείας
1002 2860 1054 2922 καὶ
1064 2884 1134 2923 παι-

130 2949 253 3022 δεόσεως
263 2953 374 3027 μᾶλλον
392 2945 645 3056 τωνπροσιόντοιν
655 2943 749 3052 αὐτῷ·
745 2941 872 3050 ουγγλρ
883 2972 926 3022 τις
935 2968 1020 3018 ουτος
1035 2940 1135 3047 Οὔτις,

129 3027 206 3096 αλλιλ
222 3038 334 3133 μᾶλλον
354 3040 472 3097 πολλῶν
490 3021 701 3135 ε’πίστροφρς
680 3057 720 3113 ην
716 3012 915 3134 όνθριόπων.
947 3023 1112 3132 λλγεται
1076 3053 1135 3111 γαρ

37 3132 40 3137 ’
128 3111 145 3180 ὁ
172 3113 297 3216 Πλότωγ
308 3110 380 3223 υίδς
397 3119 536 3226 γενέσθαι
552 3110 664 3219 πατρός
684 3114 738 3195 μὲν
751 3107 921 3222 Ἀρίστωνος
936 3119 991 3176 τοῦ
986 3105 1135 3215 Ἀριστο-

130 3201 247 3301 κλέους,
265 3191 324 3301 εἶφ’
335 3225 371 3265 ου
382 3196 414 3264 τδ
434 3203 517 3284 γένος
534 3202 575 3276 εἰς
591 3197 718 3264 Σόλωνα
734 3194 787 3263 τόν
801 3199 964 3280 νομοθέτην
977 3189 1133 3301 ανλφερεν·

131 3278 179 3346 διὸ
193 3277 330 3346 καὶκατὰ
346 3291 433 3364 ζηλον
443 3278 624 3366 προγονικόν
640 3278 759 3364 Νόμους
770 3281 923 3366 λγρυψενέ
924 3308 942 3344 ν
955 3278 1000 3363 ιβ’
1011 3285 1136 3364 βιβλίοις
