2422 3758
453 168 683 283 κάτοχον.
1012 215 1075 291 τοι

70 375 206 463 χηματα,
216 374 257 442 τά
269 375 330 462 μὲν
340 379 494 462 διμοίρου
504 380 685 464 ἐοινημένα,
696 376 736 445 τά
748 381 784 447 δέ
795 383 891 447 δυοῖν
903 383 1074 466 δραχμαῖν,

70 476 106 543 τά
118 476 154 541 δὲ
169 474 427 560 τετραδράχμου.
451 488 572 559 προῖκα
589 472 654 559 γάρ
672 472 759 562 ἀνὴρ
776 467 874 556 οὗτος
890 476 1012 545 οὐδένα
1024 482 1076 546 δι-

71 573 192 657 δάσκει,
204 571 259 639 διά
270 572 394 663 παντὸς
405 573 441 642 δέ
450 577 530 651 έθος
540 575 629 641 ἐστὶν
639 570 732 662 αὐτῷ
742 588 868 658 φωνεῖν
878 571 915 644 τὰ
925 572 1076 662 Ἐπιχάρ·

70 695 174 758 μενον·
186 668 208 738 ά
219 674 256 739 δέ
267 673 336 756 χείρ
351 670 412 738 τάν
427 686 520 757 χεῖρα
530 676 625 751 νίζει·
636 670 695 750 δός
707 697 740 739 τι
749 675 803 740 καί
814 673 928 758 λάβοις
938 680 972 741 τί
986 679 1072 744 *καῖ

69 773 117 837 καὶ
128 768 249 854 πράην
262 775 346 853 γοῦν
356 768 446 852 παρά
462 775 592 856 Καλλίᾳ
608 775 654 857 τῷ
672 765 862 837 Ἱππονίκου
875 772 1075 859 ποιούμενος

67 871 219 948 ἐπίδειξιν
230 867 348 934 τοσάδε
360 873 421 934 τοῦ
433 872 492 953 ζῇν
503 879 667 951 κατεῖπεν,
685 865 770 935 ὥστε
784 871 887 953 ένοχε
904 870 966 954 μὲν
982 870 1073 957 παρά

68 963 174 1054 ἀκαρῆ
193 969 354 1055 διέχρανα
371 963 431 1033 τὸν
449 972 535 1052 βίον,
550 967 687 1034 καλέ
622 969 655 1047 ἐξ
672 969 802 1034 ἐκείνου
817 974 951 1055 δανατᾷ
966 993 1032 1053 μου
1053 964 1073 1055 ἡ

69 1062 185 1159 Μήτ’
179 1070 305 1149 Αξίοιε

146 1166 218 1239 ΑΞ.
245 1169 327 1230 Τίνα
338 1155 408 1230 δὲ
384 1189 429 1249 ην
440 1187 480 1229 τα
470 1159 667 1247 λεχθέντα,

146 1267 184 1329 V.
205 1266 283 1329 ΣΩ
306 1258 509 1346 Φρασαιμι
486 1287 530 1327 αν
541 1279 595 1327 σοι
609 1267 714 1330 ταῦτα
730 1259 994 1350 άμνημονεὺσοι.
1009 1266 1073 1348 ἔφη
1092 1269 1113 1316 Ι)

67 1359 139 1447 γάρ,
155 1367 199 1428 Τί
207 1364 305 1446 μέρος
316 1385 373 1445 της
382 1355 543 1444 ηλικίας
519 1383 661 1445 αμοιρον
671 1368 740 1429 τοῖν
749 1358 914 1447 άνιαροίνς
931 1359 973 1429 οὑ
990 1357 1073 1428 κατά

67 1463 124 1546 μὲν
138 1460 203 1545 τὴν
224 1457 360 1544 πράτην
381 1461 511 1542 γένεσιν
528 1454 566 1525 τδ
586 1456 710 1543 νήπιον
727 1466 843 1546 κλαίει,
854 1468 915 1528 τοῦ
931 1465 990 1548 ζῇν
1007 1454 1073 1527 άπὸ

66 1554 381 1644 λάκηςάρχόμενονς
401 1552 599 1624 οὐλείπεται
608 1564 695 1639 γοῦν
712 1555 869 1643 οὐδεμιᾶς
879 1554 1074 1644 ἀλγηδόνος,

66 1652 138 1723 ἀλλ’
150 1650 172 1741 ἢ
182 1653 227 1723 δι’
240 1660 373 1723 ἔνδειαν
384 1651 406 1740 ἢ
424 1653 634 1740 περιννχμόν
645 1649 668 1739 ἢ
678 1655 808 1734 θάλπος
818 1651 840 1740 ἢ
851 1652 983 1740 πληγὴν
993 1651 1074 1721 ὀδυ-

66 1761 172 1838 υάται,
183 1761 325 1839 λαλῆσαι
335 1752 395 1838 μὲν
411 1750 507 1820 οὔπω
519 1750 744 1838 δννάμενονά
757 1754 885 1840 πάσχει,
896 1760 1075 1837 κλαυθμυ-

66 1851 236 1939 ριζόμενον
248 1855 284 1919 δὲ
292 1855 347 1919 καὶ
354 1851 478 1937 ταύτην
489 1859 547 1936 τῆς
558 1850 828 1936 δυσαριστήσεως
836 1857 916 1936 μίαν
923 1854 1000 1935 ἔχον
1007 1875 1073 1934 φο-

67 1949 136 2036 νήν.
148 1945 276 2019 ὁπόταν
284 1950 319 2018 δὲ
326 1956 372 2028 είς
378 1947 440 2036 τὴν
451 1949 622 2017 ἑπταετίαν
629 1947 786 2034 άφίκηται
796 1946 942 2026 πολλοὺς
948 1944 1074 2025 πόνους

66 2040 1108 2135 διαντλησαν,*ε’πέστησαν*παιδαγωγοὶκαλχραμματισταλκαὶΕ
1159 2120 1163 2129 ἱ

66 2152 275 2235 παιδοτρίβαι
285 2154 544 2233 τυραννοῦντες·
567 2144 752 2232 αὐξομένου
769 2146 805 2214 δέ
821 2151 971 2229 κριτικοί,
989 2169 1074 2229 γειο-

66 2253 189 2335 μέτραι,
207 2255 364 2333 τακτικοί,
377 2244 463 2315 πολι)
475 2253 605 2332 πλῆθος
622 2251 802 2314 δεσποτῶν.
826 2244 961 2314 ἐπειδάν
976 2243 1012 2311 δὲ
1029 2248 1075 2322 είς

65 2345 141 2427 τοὺς
149 2347 296 2433 ἐφήβους
307 2349 468 2433 ἐγγραφῇ,
476 2346 704 2432 κοσμητὴςκαὶ
711 2342 817 2432 φόβος
826 2351 957 2430 χείρων,
964 2347 1074 2410 ἔπειτα

66 2447 211 2513 Λύκειον
221 2449 277 2512 καὶ
289 2443 448 2532 Ἀκαδημί
447 2471 468 2511 α
434 2447 539 2513 ίκαλ
556 2450 799 2531 γυμνασιαρχία
815 2447 871 2512 καί
887 2442 1005 2530 ῥάβδοι
1018 2441 1074 2509 καὶ
1089 2451 1141 2506 367

66 2569 177 2610 κακων
190 2541 307 2629 άμετρί
306 2569 355 2610 αι·
377 2546 432 2610 καὶ
443 2550 508 2622 πάς
519 2539 536 2609 ὁ
548 2569 609 2611 του
596 2551 838 2668 μειρακίσκου
854 2543 974 2628 χρόνος
985 2543 1074 2608 ἐστὶν

66 2638 128 2708 ὑπό
142 2639 375 2726 σωφρονιστάς
392 2640 500 2708 καὶ
464 2668 525 2726 την
543 2643 595 2709 ἐπὶ
613 2640 693 2720 τοὺς
709 2645 812 2719 νέους
822 2644 951 2721 αιρεσιν
965 2646 1025 2721 τῆς
1041 2639 1074 2714 ἐξ

62 2723 190 2824 Αρείου
200 2738 311 2824 πάχου
322 2745 454 2824 βουλῆς.
466 2738 642 2806 ἐπειδάνδέ
653 2736 1073 2823 άπολυθῇτοάτων,φρον-

68 2837 194 2916 τίδες”
172 2863 331 2921 αντικρυς
348 2833 520 2903 ὑπέδυσαν
536 2839 592 2903 καὶ
608 2840 823 2919 διαλογισμοί,
842 2839 917 2900 τίνα
932 2828 996 2918 την
1013 2835 1073 2897 τοῦ

67 2941 140 3020 βίον
151 2932 233 3002 ὁδὸν
242 2935 446 3022 ἐνστήσεται,
456 2934 512 3001 καὶ
523 2948 590 3012 τοῖς
600 2932 741 3018 ὕστερον
752 2940 904 3018 χαλεποῖς
916 2925 1070 3015 ἐφάνη
1033 2952 1074 2993 τα

67 3042 179 3119 πρῶτα
195 3031 333 3100 παιδικά
351 3036 407 3101 καί
422 3042 551 3119 νηπίων
571 3028 615 3109 ὡς
631 3028 766 3115 άληθῶς
781 3028 949 3114 φόβητρα·
972 3045 1074 3110 στρα-

67 3138 193 3199 τεῖαίτε
203 3132 269 3219 γάρ
279 3135 335 3200 καί
351 3132 522 3217 τραύματα
538 3131 593 3199 καὶ
606 3140 754 3212 συνεχεῖς
768 3125 903 3212 άγοῖνες.
926 3122 995 3192 εἶτα
1013 3131 1073 3190 λα-
1092 3131 1112 3179 Β

67 3230 133 3299 θόν
143 3229 277 3316 ὑπῆλθε
291 3231 329 3296 τὸ
348 3238 462 3314 γῆρας,
480 3235 525 3308 είς
541 3225 561 3295 δ
580 3234 650 3294 πᾶν
670 3239 790 3311 συρρεῖ
805 3223 843 3291 τὸ
865 3232 922 3308 τῆς
940 3221 1074 3308 φύσιας

67 3329 224 3417 ἐπίκηρον
238 3331 292 3395 καὶ
305 3329 479 3405 δυσαλθές.
497 3324 562 3393 κάν
575 3329 619 3411 μή
629 3350 678 3403 τις
691 3331 818 3392 θάττον
831 3319 875 3400 άς
884 3321 979 3406 χρέος
989 3317 1074 3387 άπο-
