2408 3764
71 156 207 253 νειΙ
383 154 766 213 ΠοοΛαοοιιααΑ
925 154 928 159 ·
1046 164 1073 222 η

72 313 203 401 ἒστιν,”
181 345 209 423 η
218 312 410 419 διανοητά,’
391 340 478 379 ατινοι
491 311 601 390 εἰκόνες
615 314 670 377 ελσί
684 321 743 378 τοῖν
745 322 883 417 νοητῶν,
906 344 930 401 η
914 311 1072 402 ''5555515

72 434 92 470 α
77 398 209 468 “’καί
173 397 248 466 αυτά
269 426 294 465 ε
284 404 379 475 κονες
394 400 449 463 εἰσί
463 405 522 463 τοῖν
537 403 717 479 διανοητοῖν,
732 424 758 501 η
745 392 884 475 ’“είκόνες
900 408 964 465 τοῖν
978 406 1073 486 αλοθη

70 496 217 569 τῶν,οα
169 485 217 550 ολα
218 489 230 548 ί
243 488 366 549 εἰσιν
332 511 363 547 αι
376 479 435 547 ὑπὸ
450 489 510 546 τῶν
521 483 661 585 γραφέων
674 479 836 585 γινόμεναι,
853 486 908 548 καί
922 490 1074 589 περαιτίρο

70 571 183 638 τούτων
198 564 286 633 οὐδέν
295 565 419 671 ἕστιν,’
399 594 439 643 ως
448 563 575 650 τέσσαρα
584 592 651 629 τινα
663 560 824 630 κανταυθα
835 565 931 632 εἶναι
923 565 1074 635 ·καλάνα·

71 663 155 760 λογεῖ
163 649 269 757 μδη
237 680 274 717 τα
265 650 436 760 πρόσωπα
454 659 514 726 τοῖς
527 658 658 731 νοητοῖς,
680 658 741 725 τοῖς
762 651 794 714 δὲ
809 655 983 734 διανοηιοῖς
1003 650 1074 719 τάδε

69 737 183 802 τούτων
197 732 381 802 ἀκούσαντα·
402 733 467 800 οἷον
485 729 544 837 γάρ
561 732 671 810 εἰκόνες
691 735 747 797 ελσί
765 741 826 798 τοῖν
839 736 1023 843 προσώπων
1030 733 1073 803 οδ

70 829 130 886 τῶν
144 815 236 928 αότά,
259 820 396 906 καθάπερ
412 820 463 883 καί
478 814 516 881 τά
532 813 727 923 διανοητὰ
686 844 746 882 των
758 842 889 899 νοητων·
912 818 1023 898 τοῖςδ’
1037 827 1073 886 ολ·

71 915 192 990 σθητοῖς
207 903 406 990 ἀναλογοῦσιν
420 907 453 967 οἱ
464 898 625 985 δεότεροι’
607 901 795 978 ακοόσαντες.
1110 950 1112 985 3

154 999 228 1056 XXI.
243 989 390 1094 ’Quem
404 987 452 1051 ἐπὶ
464 994 525 1060 τοῖς
540 988 705 1089 εἰρημένοις
714 991 762 1050 δεῖ
768 993 890 1068 ζητῆσαι
906 987 1073 1093 κεφάλαων,

70 1076 104 1139 ἐκ
120 1072 221 1177 πόσων
236 1071 374 1139 κανόνων
393 1076 441 1135 δεῖ
455 1076 558 1155 θηρᾷν
576 1068 628 1133 τὸν
651 1067 775 1174 ἑκάστου
795 1069 955 1155 διαλόγου
961 1071 1073 1139 onom.

68 1165 169 1270 χρεί
131 1187 150 1223 α
160 1157 218 1244 γάρ
234 1161 293 1222 ἐστι
303 1165 408 1222 τοῦτον
422 1162 526 1263 ζητεῖν,
542 1149 673 1238 ἐπειδὴ
655 1180 693 1229 ως
704 1149 792 1229 αὐτὸς
805 1157 884 1239 λε’γει
894 1157 929 1220 δν
941 1163 1072 1262 Φαλδρο·

69 1274 93 1311 ω
109 1252 178 1322 παῖ,
201 1250 253 1323 μία
273 1245 341 1346 τίς
338 1244 416 1305 ἔστιν
437 1235 506 1315 5553
525 1247 586 1314 τοῖς
605 1242 742 1342 μίλλουσι
760 1246 857 1314 καλῶς
871 1224 1073 1344 βουλεύεσθόι,

61 1330 194 1405 εἰδέναι,
216 1315 341 1427 περί
303 1349 339 1386 ου
356 1320 430 1426 δίνη
451 1321 559 1406 βουλή
579 1318 679 1406 ἐπειδὴ
695 1329 748 1386 τοῦ
767 1318 878 1426 παντὸς
897 1319 1074 1406 άματανειν

69 1408 201 1515 ἀνάγκη
216 1431 278 1481 πως
289 1431 345 1469 ουν
358 1402 452 1509 αὐτοῦἱ
464 1431 550 1469 τουτο
560 1410 693 1490 λέγοντος
703 1405 953 1491 παραιτησομοθα
1023 1436 1074 1475 τον
1101 1462 1104 1467 .

68 1491 161 1595 55505
173 1487 410 1593 συγγραμμάτων
424 1515 457 1552 το
445 1485 591 1569 εἰδέναι,
607 1515 673 1574 περι
665 1493 796 1566 τίνος”
778 1511 887 1556 εκαστα
899 1496 1071 1599 διαλόγοιαις

68 1581 110 1642 ἔτι
126 1569 193 1639 δ’
173 1600 212 1638 αν
225 1580 338 1655 μᾶλλον
350 1568 382 1636 τό
394 1570 538 1658 χρήσιμον
550 1579 602 1656 τῆς
615 1572 753 1655 τοιαύτης
763 1573 907 1677 ζητήσεως
918 1577 1070 1661 μάθωμεν,

68 1664 123 1724 είτ
125 1663 250 1746 ῇδιπλῇ
266 1664 326 1722 τῶν
341 1658 512 1761 ἐπιγραφῶν
531 1664 590 1721 τῶν
609 1662 752 1722 πλείστων
765 1657 913 1742 διαλόγων
926 1666 1072 1747 προσέχοι·

67 1770 131 1827 μεν.
125 1687 314 1819 ῃἕκαστος
279 1769 344 1847 γαρ
353 1738 455 1825 σχεδόν
470 1745 579 1825 διπλῆν
593 1737 691 1824 ἔχει
658 1767 716 1852 τηγ
727 1742 906 1844 ἐπιγραφήν,
924 1745 992 1856 ρῖον
1005 1748 1072 1813 Φοί·

68 1822 164 1893 δων
142 1855 164 1911 η
178 1830 245 1935 περὶ
261 1834 375 1937 ψυχῆς,
393 1829 444 1892 καί
458 1825 625 1912 Φαῖδρος“
603 1855 625 1911 η
636 1828 703 1933 περί
718 1823 861 1910 κάλλους,
885 1832 935 1893 καὶ
953 1836 987 1896 οἱ
997 1829 1074 1897 5555

68 1913 175 1989 οὕτως·
192 1905 353 1994 άδηλον
317 1938 373 1978 ουν
387 1914 446 1977 ἐστί
445 1914 553 2018 ,περὶ
542 1910 662 1978 πολου”
641 1938 700 1997 αρα
710 1919 770 1975 τῶν
784 1913 1006 2019 ἒγκειμένωντη
992 1918 1073 1981 λιιι·

67 2023 170 2084 γραφη
158 1999 364 2082 διαλέγεται·
387 1992 444 2062 οόκ
458 1994 517 2081 άρα
535 1990 657 2084 άχρείως
677 2002 820 2102 ζητοῦμεν
833 2003 919 2063 τοῦτο
933 1994 967 2064 τὸ
983 1997 1074 2104 κεφά

69 2090 161 2148 λαιον.
185 2084 217 2146 ἐκ
232 2083 305 2146 δεκα
317 2086 420 2148 τοίνυν
434 2085 604 2163 κεφαλαίων
617 2108 721 2147 τουτον
734 2079 869 2168 θηράσαι
883 2082 1032 2150 δυνατόν·
1046 2087 1076 2150 ἐκ

67 2192 120 2231 τοο
107 2161 202 2244 ἑνός
217 2168 269 2231 καὶ
283 2193 335 2232 του
322 2164 497 2271 πλήθους,
513 2168 545 2230 ἐκ
556 2193 609 2233 του
596 2164 754 2232 καθόλου
766 2169 817 2230 καί
828 2175 963 2252 μερικοῦ,
981 2171 1015 2234 ἐκ
1027 2175 1076 2234 τοῦ

67 2247 137 2314 όλου
151 2253 203 2315 καί
216 2253 338 2336 μέρους,
355 2254 388 2316 ἐκ
401 2276 453 2315 του
440 2247 638 2353 ὁλοσχεροῦς
652 2276 703 2313 και
694 2252 848 2352 βεβαίου,
870 2253 903 2315 ἐκ
916 2276 969 2315 τον
955 2258 1076 2339 κρείτ

66 2356 150 2407 τονος
166 2336 279 2397 καίί
234 2340 279 2414 χεί
278 2360 378 2417 ρονος,
400 2337 434 2398 ἐκ
447 2341 500 2398 τοῦ
519 2354 682 2433 ουμφωνου
696 2327 781 2393 καῖ’
749 2332 957 2418 ασυμφοόνου,
979 2339 1012 2401 ἐκ
1026 2344 1078 2403 τοι]

66 2410 107 2517 μη
122 2414 198 2478 κατά
212 2440 292 2490 τινος
307 2422 483 2522 εἰρῆσθαι,
484 2417 517 2478 ἐκ
530 2423 584 2477 τοτῖ
597 2409 639 2515 μὴ
654 2415 780 2518 ἕμκαθῖη
791 2413 920 2520 ελναι,ἕ
920 2447 939 2484 κ
953 2429 1013 2485 τοῖν
1027 2417 1079 2508 όρ·

65 2495 177 2600 γάνων,
193 2499 292 2578 ἕκτης
305 2497 387 2578 ὕλης.
403 2498 483 2559 ἐκ
450 2520 566 2598 μαντον
553 2491 646 2571 5553
663 2498 715 2561 καί
728 2523 780 2562 του
767 2498 941 2607 πλήθρυς,
958 2509 1009 2568 ἵνα
1024 2508 1080 2605 ἕνα

67 2576 180 2646 σκοπόν
200 2581 329 2663 λέγωμεν
352 2574 474 2682 ἔχειν
445 2605 498 2643 τον
513 2574 662 2686 διάλογον
666 2577 768 2645 καί
732 2610 774 2665 μη
786 2585 922 2664 πολλούς.
943 2612 1004 2660 πως
994 2582 1079 2688 γάρ

65 2659 190 2742 πολλοός
213 2667 329 2747 ἔμελλεν
342 2658 470 2738 σκοποὺς
485 2658 591 2768 ἔχειν’
579 2662 748 2750 οδιάλογος
762 2668 940 2752 Πλάτωνος,
955 2674 1007 2732 τοῦ
1021 2667 1075 2732 05

65 2778 121 2826 τως
136 2745 339 2856 άνυμνοῦντρς
353 2743 385 2854 τό
400 2745 521 2849 θεῖον,
512 2745 595 2853 όπερ
598 2750 659 2814 ἕνέ
645 2753 719 2830 5553
744 2755 796 2818 καί
816 2753 924 2834 άλλως,
944 2744 1020 2816 εἶ’
984 2752 1076 2830 αυιός

66 2839 145 2899 στιν
158 2862 173 2900 ο
161 2831 331 2939 λέγων,η”
315 2858 361 2899 οτι
373 2860 390 2899 ο
377 2828 541 2914 διάλογος
556 2831 620 2923 ζοόφ
635 2838 745 2942 ἔοικεν,
761 2835 862 2946 ἐπειδὴ
877 2832 956 2902 καλό
971 2831 1073 2937 λόγος;

65 2926 123 2995 πᾶς
132 2915 200 3022 γάρ
204 2915 403 3023 λόγοςάριστοι
415 2899 615 3020 γεγραμμένος
629 2918 693 3008 ζοόφ
706 2917 781 2986 άναλ
819 2932 857 2986 εῖ·
873 2925 899 2984 ελ
905 2943 963 2982 ουν
975 2942 991 3020 ρ
979 2912 1072 3022 φιά-

65 3013 151 3084 λογος
160 3000 225 3082 ζώω
240 2999 388 3084 άναλογεῖ,
402 3026 436 3065 το
423 2996 482 3064 δὲ
493 3008 611 3078 ζῶονῖν
621 2986 701 3081 τέλός
712 3009 769 3088 ἕχει
778 3035 812 3073 το
823 2998 947 3089 άγαθόν,
959 2996 992 3065 τό
1003 2997 1072 3069 ότου

103 3067 1073 3280 ιλιλυκκλκυηκονῑκληλν

762 3203 808 3241 τεο

26 3250 30 3257 ’
64 3264 140 3338 τρεῖς
151 3249 287 3319 εἶναι
239 3279 307 3329 τους
317 3252 446 3330 σκοποδς
458 3279 511 3319 τον
497 3260 689 3336 Φαίδωνος,
705 3262 772 3344 περί
785 3254 952 3332 άθανασίας
963 3267 1071 3365 ψμχῆς,

65 3342 115 3401 καὶ
128 3364 196 3423 περι
187 3333 408 3419 εόθανασλαςς
424 3340 555 3424 καὶπερὶ
571 3340 737 3423 φιλοσόφον
748 3346 829 3424 βίον·
846 3347 946 3418 κακῶς
963 3345 1018 3408 οὐν
1033 3342 1072 3419 53
