2408 3764
99 183 121 247 ε
184 248 186 252 ,
434 174 755 263 εΠιΣυοΛΗγ.

101 344 161 416 τόν
178 348 214 413 ίκ
226 349 295 413 τάν
312 348 518 428 λιθατομιῶν
537 335 577 410 εὖ
599 345 754 428 ἐποίησας
774 341 880 428 ἀφείς,
897 344 1026 430 ἐλαφρὰ
1040 348 1077 415 δὲ
1093 343 1114 434 6

103 447 212 530 δίησις
222 443 276 511 καί
290 442 444 526 περὶτῶν
462 446 602 510 οἰκετῶν
619 437 725 509 αὐτοῦ
744 444 891 526 καὶπερὶ
905 440 1117 530 Ἡγησίππου

102 549 163 613 τοῦ
170 538 380 627 Ἀρίστωνος·
405 541 595 620 ἐπέστειλας
611 541 676 627 γάρ
694 565 761 627 μοι,
774 539 817 608 66
828 567 878 619 τις
889 536 989 628 άδική
998 537 1021 629 6
1035 552 1116 610 τοῦ-

48 657 85 710 λὸ
99 666 160 711 του
168 635 195 727 ή
202 641 350 716 ἐκείνους
359 638 415 706 καί
426 635 597 729 σύαίσθη,
608 638 653 727 μή
668 641 863 726 ἐπιτρέψειν.
888 640 945 709 καλ
954 643 1031 731 περὶ
1042 651 1115 711 Λυ-

100 740 267 807 σικλείδου
277 733 422 821 τάληθὲς
433 743 538 824 εἰπεῖν
548 737 658 818 ἄξιον·
685 737 788 824 μόνος
799 734 864 823 γάρ
880 743 950 805 τάν
965 742 1114 808 ίκΣικε-
1152 804 1155 810 .

100 844 172 916 λίας
191 832 356 921 Ἀθήναζε
377 832 593 922 ἀφικομένων
616 834 718 905 οὐδὲν
738 834 935 923 μετεβάλετο
958 839 1034 924 περὶ
1056 847 1114 926 τῆς

100 942 160 1021 σής
178 935 234 1002 καί
249 936 330 1021 ἐμής
347 940 539 1018 συνουσίας,
559 930 633 1000 ἀλλ’
653 930 706 1001 άεί
725 961 757 1001 τι
777 931 911 1019 άγαθὸυ
932 938 988 1003 καὶ
1004 939 1057 1005 ἐπί
1073 939 1113 1004 τά

100 1038 218 1120 βελτίω
229 1036 337 1119 λέγων
351 1035 503 1115 περὶτῶν
518 1030 709 1117 γεγονότων
723 1034 872 1100 διατελεῖ.

589 1445 629 1513 Γ.

186 1621 330 1691 Πλάτων
340 1625 511 1708 Διονυσίῳ
527 1644 654 1705 χαιρειν
664 1623 774 1690 ἐπιστε
775 1619 887 1702 ίλας’
864 1649 907 1709 αρ
913 1619 1090 1710 ’ὀρθῶς
1068 1651 1112 1692 αν

65 1741 85 1794 13
104 1721 298 1815 τυγχάνοιμι
317 1726 376 1837 τής
397 1723 566 1835 βελτίστης
587 1721 817 1806 προσρήσεως,
841 1717 862 1808 6
858 1719 1010 1808 μᾶλλον
1026 1721 1111 1790 κατὰ

102 1817 258 1909 τήνίμήν
269 1815 455 1904 συνήθειαν
474 1815 617 1903 γράφων
635 1810 676 1884 εὖ
693 1819 860 1904 πράττειν,
879 1817 990 1906 ὥσπερ
1007 1830 1114 1890 ελωθα

102 1923 140 1988 ἐν
149 1933 218 2002 ταῖς
228 1921 413 1993 ἐπιστολαις
422 1913 628 2002 τονςφίλους
638 1919 918 2012 προσαγορευειν
931 1917 1113 2005 σὺμλνγάρ

103 2015 144 2105 δή
155 2019 210 2085 και
221 2017 282 2085 τὸν
292 2013 388 2100 θεόν,
401 2009 446 2094 69
455 2013 615 2136 ήγγειλαν
626 2021 661 2085 ολ
679 2018 755 2086 τότε
771 2027 993 2132 θεωροῦντες,
1011 2043 1113 2100 προς-

102 2129 189 2195 είπες
202 2115 240 2182 ἐν
256 2119 403 2198 Δελφοῖς
420 2109 512 2201 αὐτῷ
528 2113 636 2204 τούτω
653 2107 834 2195 θωπεύσας
849 2103 898 2203 τῷ
910 2113 1040 2197 βήματι,
1058 2115 1115 2181 καλ

102 2207 320 2301 τίνυται,
295 2217 444 2296 νεφροί

154 2347 172 2375 ·,
266 2323 359 2398 χαῖρε
369 2311 424 2378 καὶ
434 2306 602 2396 ηδομενον
613 2318 729 2400 βίοτον
737 2309 874 2390 διασωζε
884 2329 1069 2391 τυραννον

66 2407 167 2497 οέγά
179 2405 306 2477 660666
324 2405 494 2498 άυθράπω
511 2412 636 2497 κλήσει,
655 2407 728 2478 οὔτι
746 2405 786 2494 δή
805 2414 888 2526 6⁶6,
905 2411 1114 2488 παρακελευ-

103 2501 260 2594 σαίμηυ”
237 2533 281 2575 αν
296 2509 384 2596 δρᾷν
398 2514 509 2594 τοῦτο,
527 2513 600 2597 θεῷ
616 2509 688 2592 μέν,
707 2505 758 2573 ὅτι
780 2501 870 2592 παρά
887 2505 994 2593 φύσιν
1010 2526 1113 2590 προς-

103 2604 252 2694 τάττοιμ’
274 2604 329 2692 66,
342 2604 466 2704 πόρρω
488 2604 554 2693 γάρ
578 2602 701 2724 ήδονής
720 2607 851 2691 ἵδρυται
871 2605 926 2674 καί
948 2603 1055 2688 λύπης
1073 2599 1111 2687 τή

102 2716 211 2792 θείου,
222 2691 395 2795 άυθράπω
407 2704 488 2790 66,‘
467 2732 519 2773 οτι
529 2732 570 2772 τα
559 2700 688 2772 πολλοὶ
699 2703 830 2792 βλάβην
840 2698 944 2823 66066
955 2700 1012 2767 καί
1022 2697 1112 2784 λύπη

58 2854 62 2862 -
102 2814 217 2896 γεννᾷ,
231 2801 442 2892 δυσμάθειαν
452 2807 507 2874 καί
523 2805 637 2890 λήθην
653 2803 746 2873 καλ’
725 2803 925 2892 αφροσύυην
941 2799 996 2865 καί
1012 2795 1115 2883 ὕβριν

103 2910 260 2974 τίκτουσα
271 2907 475 2994 ἐντήψυχή.
497 2906 667 2973 καὶταῦτα
683 2900 799 2990 μὲν”
756 2925 888 2977 ουτωςε
890 2897 1021 2985 ίρήσθω
1031 2892 1113 2981 παρ’

104 3005 188 3090 ἐμοῦ
207 3004 284 3088 περὶ
303 3011 362 3090 τής
384 3002 617 3088 προσρήσεως·
643 3002 687 3068 συ
706 2999 738 3066 6
758 2996 927 3081 ἀναγνοὺς
939 2993 1035 3087 αὐτά,
1048 2991 1115 3082 ὅπη

103 3099 218 3190 βούλει
231 3102 400 3185 δέξασθαι,
412 3097 515 3186 ταύτη
527 3102 668 3184 δέχου.

188 3203 274 3267 Φασὶ
286 3196 317 3268 δ
331 3195 511 3283 οὐκόλίγοι
525 3198 635 3281 λέγειν
648 3216 686 3263 σε
701 3218 786 3280 προς
794 3221 887 3276 τινας
897 3220 966 3263 των
974 3215 1066 3277 παρα
1055 3189 1115 3258 σὲ

65 3294 416 3388 υπρεσβευόντων,
392 3324 436 3378 ως
455 3295 521 3383 άρα
539 3302 603 3365 σοῦ
619 3295 698 3364 ποτὲ
715 3287 870 3382 λέγοντος
887 3289 1034 3369 ἀκούσας
1051 3289 1114 3376 ἐγώ

99 3398 328 3483 μέλλοντος
287 3423 349 3480 τας
355 3423 392 3468 τε
397 3393 587 3485 Ελληνίδας
599 3397 710 3476 πόλεις
719 3398 757 3466 ἐν
767 3398 886 3467 Σικελί
884 3417 934 3482 60
936 3395 1049 3475 ίκίζειυ
1060 3390 1116 3457 καί
