2408 3764
509 180 640 253 ‘OPOL
1035 191 1077 259 71

161 344 257 443 Ψυχή
266 351 302 422 τὸ
314 347 396 422 αὐτὸ
409 347 507 421 ἑαυτὸ
518 355 652 421 κινοῦν·
670 358 756 423 αίτία
767 353 931 444 κινήσεως
941 358 1078 442 ζωτικῆς

70 461 175 543 ξύων.
422 513 427 521 -

156 557 306 641 Δύναμις
315 553 354 621 τό
364 550 445 622 καθ’
459 547 541 620 αύτό
554 548 734 634 ποιητικόν.

147 654 314 737 Ὄψιςὲἷις
325 648 511 735 θιακριτική
524 646 698 732 σωμάτων.

152 751 285 824 Ὀστοῦν
296 750 419 838 μυελὸς
427 744 494 815 ὑπὸ
505 751 638 830 θερμοῦ
647 749 771 829 παγείς.

154 859 233 921 Στο
233 860 323 935 ηεῖον
333 845 370 915 τό
383 845 534 930 σννύγον
544 843 600 913 καὶ
610 839 801 917 διαλύων
765 866 805 910 τα
817 843 974 917 σύνθετα.

152 942 260 1035 Ἀρετή
279 939 467 1029 ὃιιίθεσιςή
486 946 650 1029 βελτίστη·
672 942 737 1021 ἕξις
752 947 883 1027 θνητοῦ
894 942 979 1021 ζῶον
989 944 1071 1015 καθ

68 1043 180 1132 αὑτήν
197 1040 362 1126 ἐπαινετή·
384 1041 457 1127 ἕξις,
474 1037 557 1108 καθ’
573 1036 618 1126 ήν
632 1065 669 1108 το
658 1036 763 1129 ἔχον
782 1034 917 1125 ἆγαθόν
927 1042 1068 1124 λέγεται
1085 1060 1108 1110 ο

68 1146 226 1213 κοινωνία
241 1136 356 1223 νόμων
373 1140 497 1207 δικαία·
521 1134 682 1224 θιαθεσις,
692 1132 806 1207 καθ
785 1164 830 1224 ην
840 1163 879 1213 τε
866 1134 991 1226 [ἕχον]
1003 1141 1076 1204 θια-

70 1244 223 1323 κείμενον
244 1241 372 1316 τελείως
393 1240 577 1306 σπουδαῖον
597 1241 738 1323 λέγεται·
761 1236 826 1316 ἔξω
842 1233 995 1324 ποιητική
1018 1233 1077 1303 εύ-

72 1342 197 1423 νομίας.

98 1428 110 1442 “
156 1428 318 1520 Φρόνησις
327 1431 471 1527 δύναμις
481 1427 633 1519 ποιητική
646 1428 728 1501 καθ’
740 1427 848 1519 αὑτήν
857 1439 916 1518 τῆς
934 1429 1075 1519 ἀνθρύ-

69 1555 136 1598 πον
148 1528 368 1617 εύθαιμονίας·
381 1530 539 1617 ἐπιστήμη
553 1527 695 1615 ἀγαθῶν
705 1532 761 1597 καὶ
771 1536 901 1601 κακῶν·
912 1529 1072 1618 ἐπιστήμη

69 1627 216 1716 ποιητική
245 1625 469 1715 εὐδαιμονίας·
499 1627 659 1714 διάθεσις,
681 1625 764 1703 καθ’
786 1626 829 1715 ἢν
851 1633 1020 1716 κρίνομεν,
1041 1636 1077 1698 τί

66 1729 228 1814 πρακτέον
238 1728 294 1794 καὶ
303 1731 338 1793 τί
346 1723 389 1793 06
400 1728 573 1811 πρακτέον.

150 1823 358 1910 Δικαιοσύνη
370 1820 510 1910 ὁμόνοια
520 1830 579 1910 τῆς
588 1829 696 1910 ψυχῆς
706 1820 791 1908 πρὸς
808 1820 923 1909 αὑτήν,
941 1827 997 1892 καί
1014 1821 1073 1891 εύ-

65 1928 157 2003 ταξία
166 1930 234 1991 τῶν
244 1928 303 2010 τῆς
313 1930 420 2010 ψυχῆς
429 1932 542 2011 μερῶν
559 1921 642 2008 πρὸς
658 1920 785 2006 ἄλληλά
802 1923 903 1990 τεκαὶ
918 1923 994 2006 περὶ
1010 1922 1073 1990 ἄλ-

68 2029 165 2107 ληλα·
185 2022 250 2101 ἕξις
261 2020 473 2114 διανεμητικὴ
483 2030 545 2090 τού
560 2020 633 2090 κατ’
646 2017 742 2101 ἀξίαν
756 2020 895 2109 ἑκάστην·
906 2020 981 2108 ἕξις,
992 2018 1069 2090 καθ’

66 2117 110 2206 ήν
128 2149 147 2190 ο
136 2116 246 2206 ἔχων
265 2120 495 2206 προαιρετικός
510 2125 580 2189 ἐστι
594 2126 663 2189 τῶν
678 2124 892 2208 φαινομένων
907 2118 998 2240 αύτηῑ
1021 2125 1072 2188 δι-
1089 2147 1109 2196 ς

65 2225 184 2288 καίων·
197 2219 340 2307 ἕξιςένβ
317 2216 667 2311 βίφνόμονὺπήκοος·
681 2219 996 2306 ίσότηςκοινωνικη·
972 2216 1073 2299 ’ἕξις

64 2313 244 2403 ὑπηρετικὴ
256 2317 380 2404 νόμων

150 2415 363 2502 Σωφροσύνη
374 2413 545 2503 μετριότης
559 2421 618 2502 τής
634 2421 741 2502 ψυχῆς
755 2416 832 2503 περὶ
852 2412 911 2494 τὰς
932 2415 969 2483 ἐν
987 2413 1073 2505 αύτή

65 2508 149 2578 κατὰ
162 2511 268 2594 φύσιν
278 2517 474 2600 γιγνομένας
490 2516 669 2601 ἐπνθνμίας
685 2514 791 2583 τεκαὶ
807 2508 945 2598 ἡδονάς·
968 2509 1071 2601 2666-

65 2614 183 2694 μοστία
193 2608 250 2675 καί
260 2605 391 2688 εὐταξία
398 2619 505 2698 ψυχῆς
515 2610 599 2699 πρὸς
610 2609 669 2690 τοὶς
678 2607 760 2680 κατὰ
772 2607 1006 2697 φύσινήύονᾶς
1016 2611 1071 2676 καὶ

65 2704 186 2785 λύπας·
208 2709 388 2791 συμφωνία
408 2716 514 2796 ψυχῆς
534 2705 618 2796 πρὸς
633 2708 671 2779 τὸ
691 2707 805 2794 ἄρχειν
820 2710 877 2776 καί
893 2705 1070 2790 ἄρχεσθαι·

66 2801 273 2890 αντοπραγία
280 2828 364 2870 κατα
375 2803 494 2889 φύσιν·
506 2803 630 2890 [εύταξί
628 2798 1072 2896 αψυχήςλογιστκιή]ὁμιλίιι

65 2908 170 2987 ψυχης
181 2925 257 2986 περι
245 2903 381 2970 ναλων
390 2903 446 2971 καί
459 2906 619 3021 αἰσχρῶν·
634 2904 710 2986 ἕξις,
721 2897 829 2969 καθ
815 2899 859 2987 ήν
876 2926 896 2966 o
885 2896 1000 2989 ’ἔχων
1017 2904 1071 2978 αί-
1087 2928 1140 2984 412

64 3023 192 3087 ρετικος
203 2988 337 3067 ἐστικαὶ
348 2990 704 3087 ενλαβητικθςωνηρη
1146 3016 1149 3023 “

40 3158 45 3169 ,
144 3092 295 3184 Ανίρεία
306 3097 484 3184 ἓξιςψνγης
494 3092 677 3186 ακίνητος
659 3120 726 3165 οπο
714 3095 862 3185 φοβον.
874 3096 1003 3182 θύρσος
1012 3120 1069 3166 πο-

63 3191 214 3278 λεμικόν·
225 3193 383 3281 ἐπιστήμη
395 3220 463 3263 των
472 3220 556 3264 κατα
545 3192 715 3283 πόλεμον
725 3195 943 3283 πραγμάτων·
954 3197 1069 3286 ἐγπρύ·

63 3313 134 3357 τεια
145 3299 251 3378 ψυχῆς
260 3287 344 3379 πρὸς
358 3289 399 3361 τὰ
416 3292 545 3381 φοβεραὶ
562 3297 617 3363 καί
633 3294 744 3365 δειναί·
767 3295 874 3382 τόλμα
887 3292 1068 3384 ὑπηρετική

64 3386 272 3473 φρονήσεως·
294 3387 459 3476 εὐθαρσία
469 3393 522 3461 ἐπὶ
536 3391 689 3471 θανάτου
698 3397 900 3485 προσύοιιίη·
921 3395 1127 3536 ἕξιςᾷηἬ
