2408 3764
140 204 203 271 150
525 203 759 263 AABINOY
1016 198 1017 203 '
1121 214 1140 273 ο

139 373 227 445 ἰδεῖν,
249 372 293 444 τίς
305 369 383 432 ἐστιν
403 360 647 470 ῦφιλόσοφος
608 363 659 426 καί
673 367 716 466 τίς
735 356 827 426 αῦτοῦ
846 359 865 468 9
887 361 1068 468 ἐπιτήδευσις
1088 368 1139 432 καί

69 491 71 495 s
139 455 187 518 ἐπί
206 455 277 539 ποίᾳ
291 443 463 517 ῦποθέσει
451 470 550 550 οπαρ
566 472 646 526 αντφ
633 445 764 594 λόγοςέ
763 447 955 550 προσάγεται,
978 445 1076 594 92999
1096 459 1138 533 τῷ

142 516 277 608 Φαίδφνι
290 535 383 617 ἐξήςέ
383 529 568 634 ντυγχάγειν·
589 511 713 632 λέγει
677 556 736 613 γαρ
750 532 782 594 ἐν
795 529 903 617 τοάτφ,
924 533 995 607 τίςέ
995 551 1040 595 στι
1055 514 1137 613 φιλό

139 639 244 722 σοφος,
266 621 319 681 καῖ
337 621 379 692 τίς
400 611 513 718 ἔριπ’
492 642 511 696 9
527 640 560 720 γε
580 610 777 716 ἐπιτήδευσις,
798 617 851 679 καί
869 582 917 679 ἐπὶ
930 611 1072 680 ὑποθέσει
1086 625 1137 682 τοῦ

139 698 294 767 άθάνατον
307 695 431 765 εἶναι
400 725 454 781 την
474 695 576 806 ψυχήν
594 691 727 761 δίεισι
698 723 751 763 ιον
763 692 882 802 περλ’
844 723 936 762 αυιου
923 697 1047 803 λόγογ.
1059 696 1138 803 μετά

138 794 224 850 τοῦτο
237 811 273 872 τῃ
259 788 432 889 Πολιτεία
437 785 499 846 δέοι
514 803 532 845 σ
525 777 752 885 ’ἐντυγχάνειν
769 775 977 865 άρξάμενος
942 809 1000 888 999
1014 777 1072 886 άπὸ
1086 792 1137 867 τῆς

137 866 254 973 πρώτης
257 848 432 973 γενέσεως
417 863 583 975 υπογράφει
602 872 703 968 πᾶσαν
715 860 771 947 τήν
784 857 978 943 παιδείαν,
957 893 978 975 9
991 864 1137 951 χρεόμενος

138 947 314 1056 άφίκοιτο”
294 979 334 1016 αν
346 979 389 1027 τις
410 945 500 1014 ἐπὶ
469 974 524 1030 την
537 957 589 1031 τῆς
603 943 708 1053 ρἰρετής
723 955 836 1030 κτῆσιν.
857 952 918 1015 ἐπεί
936 951 967 1014 δὲ
982 955 1031 1015 δεῖ
1039 978 1091 1015 και
1081 953 1137 1016 ἐν

136 1034 242 1143 99999
256 1042 315 1100 νῦν
325 1040 417 1100 θείων
430 1028 613 1138 γενέσθαι,ρ
594 1059 633 1108 υς
647 1030 798 1097 δῦνασθαι
810 1032 994 1138 ιττιγσάμενρν,
1000 1029 1063 1139 999
1069 1029 1135 1120 άρε-

136 1116 192 1202 τήν
204 1118 391 1224 δμγιαθήναι
405 1114 514 1192 αῦτοῖς,
531 1112 767 1220 ἐντευξόμεθα
737 1124 779 1180 τοῦ
797 1122 896 1205 Τιμαί
884 1144 923 1183 οι·
939 1112 1014 1206 αῦτῇ
1028 1113 1086 1204 γάρ
1101 1126 1135 1208 τῇ

136 1199 247 1287 περί
215 1231 270 1312 τήν
289 1202 381 1306 φῦσιν
389 1200 507 1304 ίστορίγ
521 1181 767 1304 ἐισυγχανοντες
760 1202 811 1264 καὶ
825 1227 865 1305 τή
849 1182 1017 1290 λεγομένή
1030 1211 1133 1269 θεολο-

136 1291 187 1373 γίιγ
201 1289 253 1350 καὶ
265 1293 306 1393 99
317 1295 376 1351 τοῖν
389 1283 467 1349 όλοιν
481 1283 609 1363 διατάξει
623 1278 830 1388 άντοψόμεθα
833 1280 870 1349 τά
884 1295 954 1389 999
968 1287 1114 1394 ἐναργοῦς.

220 1379 268 1432 VI.
290 1369 346 1431 Έτι
367 1367 400 1432 δέ
417 1395 460 1444 τις
478 1395 529 1433 και
519 1371 576 1434 ἐν
586 1372 739 1474 ’κεφαλαίῳ
754 1364 907 1473 δόρατ’Ἃ
887 1397 925 1434 αν
939 1367 1114 1436 κατιδεῖν
1071 1399 1135 1456 τήν

135 1450 345 1556 προσήκουσαν
359 1450 442 1530 τάξιν
455 1461 514 1519 ταῖν
527 1452 673 1536 διαλόγων
686 1462 725 1556 99
739 1479 814 1517 κατα
803 1448 976 1560 Πλατωγα
994 1460 1134 1555 διδασκα-

135 1541 185 1624 λίρι
199 1543 240 1622 τῷ
253 1532 289 1599 τά
304 1535 465 1640 Πλάτρονος
479 1539 655 1641 αίρονμένρι
677 1531 891 1645 άήαγκαίον
856 1564 914 1621 γαρ
929 1533 1019 1650 ὄντος
1026 1535 1134 1616 θεατάς

135 1599 302 1731 γεγὲσθαι
295 1623 401 1684 καί
365 1647 417 1704 999
437 1624 542 1686 ἐαυτοῦ
556 1629 654 1725 99999
668 1622 719 1683 καὶ
733 1627 792 1685 τῶν
806 1625 898 1686 θείαν
912 1626 963 1687 καὶ
980 1631 1038 1731 999
1054 1632 1135 1734 θεῶν

136 1697 235 1768 αῦτῦν
254 1707 304 1768 και
323 1730 375 1769 του
362 1711 543 1770 καλλίστου
564 1713 619 1770 νοῦ
635 1712 749 1808 τυχεῖγ,
774 1707 823 1766 δεῖ
836 1712 960 1810 πρῶτον
973 1709 1030 1816 999
1048 1711 1134 1773 ε’κιια-

134 1795 230 1871 θᾶραι
243 1784 295 1865 τάς
314 1795 433 1893 ψευδεῖς
452 1789 539 1894 δόξας
557 1796 615 1853 τῦν
628 1782 821 1894 ῦπολήγυεων
843 1785 960 1851 οῦδὲ
925 1815 983 1892 γαρ
999 1795 1030 1853 οῖ
1042 1794 1135 1894 ιατροὶ

137 1876 315 1974 νενομίκασι,
331 1870 472 1958 πρότερον
484 1881 535 1976 τῆς
545 1871 786 1975 προσφερομένης
799 1877 910 1973 τροφῆς
925 1868 1131 1940 ἀπολαῦσαι
1102 1901 1134 1940 ιο

135 1962 218 2057 σῶμα
240 1955 398 2059 δῦνρισθαι,
422 1953 499 2021 εί
461 1984 502 2039 μη
521 1983 557 2020 τα
545 1951 764 2036 ἐμποδίζοντα
780 1953 812 2016 ἐν
825 1952 919 2040 τοῦτφ
932 1980 975 2030 τις
991 1956 1133 2038 ἐκβάλλει.

134 2034 206 2120 μετά
226 2035 309 2103 δὲ
281 2066 313 2105 το
335 2010 502 2123 ἐκκαθᾶραι
528 2041 682 2142 ἐπεγείρειν
703 2038 754 2099 καί
779 2045 994 2146 99099999999
1020 2039 1114 2103 δεῖ
1068 2070 1135 2141 τας

136 2117 263 2202 φυσικάς
279 2126 406 2228 ἐγγοίας,
428 2128 479 2187 καὶ
498 2148 604 2226 ιγυτας
609 2123 815 2224 ἐκκαθαίρειν
835 2122 885 2185 καὶ
899 2115 1043 2205 εῦκρινεῖς
1058 2118 1133 2188 άπο-

134 2202 325 2310 φαίνεινῦς’
308 2235 327 2271 α
329 2205 406 2293 ρχάς.
420 2209 467 2270 ἐπί
476 2231 589 2280 τουτοις
599 2231 638 2280 ως
646 2225 903 2308 προκατεσκευασμ
905 2207 970 2287 γης
977 2232 1029 2288 της
1035 2216 1134 2290 ψυχης

134 2285 228 2352 δεῖ’
192 2299 266 2378 αυτή
279 2318 316 2355 τα
304 2287 424 2356 οἰκεῖα
437 2293 565 2371 ἐμποιεῖν
579 2284 717 2390 δόγματα,
734 2281 808 2351 καθ’
825 2284 845 2352 δι
839 2286 1025 2367 τελειοῦται,
1041 2300 1134 2357 ταῦτα

133 2377 165 2436 δε
179 2376 239 2438 ἐστι
240 2370 367 2477 φυσικά
382 2375 432 2436 καὶ
445 2366 605 2474 θεολογικῦ
618 2365 717 2434 καῖ
683 2398 720 2435 ια
736 2365 833 2453 ἠθικά
849 2399 900 2438 και
890 2372 1098 2439 πολιτικα
1082 2403 1133 2479 ινρι

132 2459 197 2521 *δὲ*
215 2453 252 2522 τά
270 2456 400 2561 δόγματα
412 2456 488 2541 μένγ
502 2456 583 2518 ἐν
546 2480 583 2540 ιγ
597 2462 680 2542 ψυχή
693 2449 919 2566 ρἰναπόδραστα,
938 2455 1092 2607 δεήσει’
1056 2456 1133 2524 αυτά

133 2544 308 2626 δεθῆναι
279 2549 320 2603 τοῖ
338 2546 461 2620 τήςτ
414 2541 446 2600 αἰ
445 2521 507 2613 τίας
527 2541 709 2639 λογισμῷ,“
692 2565 743 2602 ινα
761 2566 804 2616 τις
822 2545 946 2624 βεβαίως
908 2546 1116 2648 ωςέγηται
1079 2551 1132 2607 τοῦ

134 2605 324 2733 προκειμέγόυ
344 2627 463 2724 σκοποῦ.
485 2622 531 2685 ἐπί
546 2617 658 2698 τοῦτοις
678 2627 727 2688 δεῖ
740 2621 960 2734 πεπορίσθαι
933 2652 965 2690 ιο
981 2625 1130 2710 απαραλό-

131 2725 245 2809 γιστογ,
266 2710 317 2768 λὐα
335 2698 377 2808 μή
396 2699 456 2767 ῦπό
474 2729 553 2781 τινος
574 2715 716 2788 σοφιστοῦ
735 2712 959 2813 παρεγεγθεντες
971 2711 1131 2812 τρέψωμεν

30 2791 32 2794 ’
132 2785 225 2853 ἐπὶ
194 2816 230 2852 τα
244 2784 372 2889 χείρω
340 2812 395 2868 τήν
408 2790 519 2852 ἓαυτῦν
533 2791 635 2868 ἕξιν]
618 2818 670 2855 ινα
680 2781 763 2855 οῦνέ
749 2789 978 2876 κβαλλωμεν
946 2821 1000 2869 τας
1011 2798 1130 2898 ψεγδεῖς

132 2870 231 2948 δόξας,
253 2868 348 2950 δεήσει
362 2870 546 2972 ἐντυγχάνειν
558 2873 718 2952 Πλάτωνος
731 2884 792 2953 τοῖς
811 2884 864 2941 τοῦ
877 2885 1065 2987 πειραστικοῦ
1079 2905 1130 2960 χα-

132 2959 275 3037 ρακτῆρος
287 2952 455 3055 διαλόγοις,
485 2955 631 3061 ἐχονσι
601 2986 633 3025 το
656 2955 822 3061 ε’λεγιιτικδν
842 2964 893 3024 καὶ
914 2961 947 3025 τὸ
974 2959 1129 3045 λεγόμενον

130 3034 362 3117 καθαρτικόν·“
345 3065 396 3104 ινα
410 3043 443 3104 δέ
458 3067 502 3117 τις
514 3037 566 3118 τάς
580 3063 709 3148 φυσικάς
725 3045 838 3119 ἐννοίας
853 3049 893 3121 είς
907 3052 970 3146 φοῖς
983 3049 1127 3127 προκαλέ-

26 3161 29 3170 ·
129 3137 218 3219 σαιιο,
234 3127 295 3197 τοῖς
309 3129 361 3186 τοῦ
375 3134 545 3227 μαιευτικοῦ
546 3135 741 3230 χαρακτῆρος
755 3126 902 3210 διαλόγοις
917 3125 1012 3229 δεήσει
1027 3131 1127 3234 ἐντυγ-

128 3197 242 3282 χάνειν·
257 3213 341 3270 τοῦτο
355 3204 412 3293 γάρ
426 3205 554 3274 ἐστιν’
518 3220 617 3314 αντρῖς
631 3213 748 3274 ίδιον.”
733 3236 784 3273 ινα
800 3215 833 3275 δέ
845 3237 888 3286 τις
901 3237 937 3275 τα
925 3205 1044 3275 οίκεῖα
1057 3211 1127 3317 δόγ-

127 3311 205 3390 ματα
223 3288 395 3396 παραλάβῃ,
423 3303 483 3370 τοῖς
503 3301 555 3358 τοῦ
574 3289 761 3397 ῦφηγητικοῦ
780 3299 961 3404 γαρακτήρος
981 3295 1128 3400 διαλόγοις

124 3367 222 3450 δεήσει
237 3375 439 3459 ἐντυγχάνειν·
455 3385 540 3441 τοῦτο
553 3377 611 3462 γάρ
626 3370 752 3443 ἐστιν’
714 3385 813 3440 αυτῦν
827 3381 954 3454 ίδιον,’
931 3383 960 3442 εί
969 3404 1002 3461 γε
1017 3383 1048 3444 ἐν
1058 3379 1127 3445 τοῦ·
