2408 3764
147 162 211 229 210
274 140 277 161 '
465 160 848 245 αοοκεοοωκοκ
1116 170 1151 227 ιι

147 325 212 393 οἷον
223 322 300 400 εἶδος
311 325 436 401 ἐντιθείς
446 331 530 388 τοῦτο
542 320 612 388 δλον
622 319 810 404 μανήσεσθαι
820 317 871 387 τὸν
881 318 993 388 σκοπόν
1004 326 1055 388 καί
1065 352 1107 406 μη
1094 322 1151 391 έκ

145 434 199 476 τον
184 412 334 512 μέρονςς
350 410 383 473 έκ
398 409 432 473 δέ
444 432 496 472 του
483 403 681 512 ὁλοσχεροῦς
695 431 746 470 και
737 408 846 490 ’ίβεβα
845 430 890 489 ου,
905 411 957 472 ίνα
952 405 1049 512 τδνβ
1051 410 1151 513 έβαιον

146 489 259 561 σκοπόν
268 489 452 597 αἱρώμεθα
455 499 567 597 μᾶλλον
585 497 645 554 τοῦ
657 486 829 574 ὁλοσχεροῦς
850 492 901 555 καί
920 488 1032 578 πόρρω.
1059 491 1151 558 πόλιν

145 586 222 727 {5
224 568 1151 763 255555225555‘5255555555333⁰5:

146 742 248 829 σχερής
261 747 322 808 ἐστι
335 745 387 808 καλ
400 738 517 848 πόρρω·
532 737 632 806 καλ
596 768 656 827 γαρ
669 744 722 806 καί
735 737 957 848 ὃἈριστοτέλης
965 747 1032 829 περὶ
1043 767 1149 825 φυσιν·

145 833 245 913 λογίας
258 825 392 932 555055
405 829 456 892 καί
469 824 554 891 ἄλλοι
565 829 684 908 πολλοί,
704 828 757 889 καί
748 824 881 931 δδηλγν
897 830 1071 933 περίπολος
1090 856 1148 910 φυ·

145 906 332 1017 σιολογίας
302 936 356 976 τον
369 907 459 994 λόγον
470 919 605 990 ποιεῖται,
621 913 651 974 εί
658 934 691 1012 γρ
703 907 799 997 τνότφ
812 908 895 1016 μόνιμ
909 910 1137 1018 πρόσσχυμεν
1107 921 1149 977 τιό

145 1004 246 1082 σκοπῷ
260 997 311 1060 καί
324 1020 361 1083 τγ
347 997 527 1101 ἐπιγραφῇ
539 1020 592 1059 τον
578 991 758 1102 διαλόγου·
773 974 888 1061 δεῖνον
901 995 1087 1082 βεβαιότερον
1103 1023 1148 1061 κι-

88 1123 90 1127 -
143 1061 305 1187 νονμένονς
315 1076 449 1163 λέγειν,“
432 1104 478 1147 οτι
487 1080 600 1184 περὶ
564 1104 615 1161 της
625 1102 701 1142 κατα
688 1075 861 1143 Πλάτωνα
870 1085 1061 1165 φυσιολογίας
1072 1083 1149 1183 ἐστλρ

72 3506 131 3540 h...

144 1161 160 1232 5
175 1163 299 1245 σκοπός,
321 1166 373 1247 καί
386 1167 429 1239 τίς
448 1158 558 1227 έστιν
541 1191 563 1245 ιγ
577 1156 653 1226 κατὰ
666 1160 816 1228 Πλάτωνα
830 1170 1020 1249 φοσιολογία,
1041 1158 1145 1229 καί
1108 1190 1149 1246 μορ

143 1245 243 1354 διμλοῖς
257 1248 326 1332 περὶ
337 1226 539 1349 φοσιολργίας.
555 1248 588 1311 ἐκ
602 1247 634 1311 δέ
645 1254 699 1310 τοῦ
712 1250 778 1331 κρεί
775 1273 875 1324 ττονος
882 1251 934 1312 καί
944 1252 1115 1334 γείρννοςΠ
1098 1272 1150 1312 ινα

142 1359 194 1399 τον
204 1335 356 1435 κρείττονα
371 1325 483 1435 σκρπδν
496 1327 689 1418 αἱρησόμεθα
698 1337 902 1437 μαλλον
818 1356 871 1396 του
884 1335 1027 1416 γἐίρονος
1045 1327 1127 1397 05⁹
1092 1355 1161 1396 ονιν

144 1413 350 1521 τἰπρδεχόμεθα
370 1411 439 1492 τοδς
459 1417 599 1518 λέγοντας
617 1434 731 1481 σκοπον
751 1418 828 1498 ἔχειν
848 1417 881 1480 έν
880 1421 1048 1522 Γοργίρι,
1046 1412 1102 1498 τὴν
1117 1417 1150 1479 έν

143 1499 243 1587 Πωλφ
258 1501 310 1561 καί
330 1503 443 1604 Γρργίρι
463 1493 623 1603 ρρτρρικίγν
640 1500 718 1583 έλέγξ
719 1525 765 1564 αι·
790 1495 912 1604 αἰσχρὸν
925 1526 983 1595 γαρ
995 1506 1081 1565 τοῦτο
1096 1500 1151 1563 καί

145 1564 330 1686 σοφιότικόν·
354 1562 435 1647 5555
448 1578 503 1665 τὴν
517 1578 621 1688 55555
633 1581 794 1668 ῥητορικὴν
807 1582 959 1667 πρόκειται
976 1578 1149 1687 δι’δόξαι,δ

144 1664 277 1771 κρεῖττόν
291 1667 349 1731 ἐστι
363 1670 415 1732 καί
428 1665 615 1749 θαυμάσιον
638 1671 666 1732 εί
677 1671 711 1732 δέ
723 1693 767 1742 τις
781 1669 857 1731 είποι
871 1669 922 1730 καί
936 1664 988 1731 διδ
1001 1672 1030 1731 τί
1041 1670 1150 1749 μέμνη

144 1777 192 1816 ται
205 1748 317 1816 Πώλου
337 1753 388 1815 καί
408 1756 554 1859 Γοργίαν,
555 1749 703 1899 ἕείσόγων
722 1745 830 1855 055059
847 1753 1151 1855 προσδιαλεγομένους

143 1838 194 1901 καλ
209 1831 465 1940 ρῖνασκενιίζων
432 1861 470 1899 τα
483 1829 537 1899 ὑπ’
555 1837 615 1900 έίκε
613 1862 687 1938 νωρ
690 1832 872 1939 λεγόμενα,έ
871 1840 978 1936 ροῦμεγ
990 1832 1036 1897 ὅτι
1051 1831 1151 1937 ὥσπερ

143 1917 268 2003 ἡφόσις
288 1913 401 1983 σκοπδν
404 1916 491 2002 ἔχει,
512 1927 550 2007 τῇ
569 1917 628 2006 όλφ
640 1943 673 1983 το
661 1914 766 1993 εἶδος
781 1918 929 1998 ἐνθεῖναι,
951 1910 1017 1981 ἄλλ’
1036 1911 1071 1980 05
1093 1912 1151 1998 τὴν

143 2007 287 2107 στέρησιν
300 1997 475 2107 σἰφελεῖν,“
457 2029 555 2069 επεται
575 2004 607 2068 δὲ
625 2009 663 2107 55
677 2026 731 2065 τον
716 2003 841 2078 εἴδους
855 1996 1000 2067 έοθέσει’
983 2028 1012 2105 ιγ
1016 2008 1086 2104 τῆς
1085 2022 1148 2065 στε-

144 2085 253 2172 ρήσεως
267 2085 360 2192 ᾅρσις,
377 2112 469 2164 ουτως
483 2089 557 2152 καί
544 2095 605 2163 τοῖς
618 2093 717 2188 λογοις
729 2093 791 2162 τοῖς
801 2079 1012 2157 δειιννόουσι
980 2110 1036 2166 τιγν
1045 2075 1150 2167 ἀληθῆ

143 2167 303 2279 ρφορικὴγ
320 2174 566 2237 ἐπακολουθεῖ
529 2198 581 2277 τγγς
597 2171 629 2234 έν
644 2167 745 2275 Ποέλφ
759 2172 811 2235 καί
808 2175 945 2273 Γοργίρι
957 2172 1149 2255 ῥητορικῆςη

143 2253 307 2359 διασκευή.
327 2258 360 2319 έκ
378 2263 432 2320 τοδ
445 2253 607 2339 σομφόνου
621 2257 673 2320 και
688 2235 885 2334 ἆσνμφοένου,
903 2236 955 2356 ἴγα
974 2260 1087 2359 μᾶλλον
1100 2257 1148 2318 05-

144 2339 265 2442 ροέμεθα
279 2335 331 2403 τὸν
345 2348 570 2446 συμφωνοῦντα
576 2347 638 2416 τοῖς
650 2339 814 2439 λεγομένοις
830 2332 943 2401 σκοπόν
952 2345 1012 2439 τρλν
1022 2334 1063 2420 μὴ
1074 2360 1148 2440 σομ-

144 2421 340 2505 φωνούντων
356 2424 450 2529 τρότω
463 2426 496 2489 δλ
509 2422 653 2528 χρμίμενοι
662 2428 704 2504 τβ
713 2416 820 2484 κανόνι
830 2414 1082 2528 5550500500550
1080 2417 1148 2497 τοός

143 2511 288 2612 λέγοντας
295 2505 407 2574 σκοπὸν
427 2489 550 2611 ίγειν
520 2532 572 2570 τον
570 2508 718 2609 Γοργίαν
735 2506 803 2588 περί
823 2511 876 2568 τοῦ
896 2500 1036 2570 έαοτδν’
1021 2513 1149 2590 ορῶντος

143 2599 214 2656 νοῦ·
230 2585 334 2693 ᾆσόμφ
335 2616 414 2658 ωνον
426 2615 501 2736 γαρέ
495 2591 546 2654 καί
560 2582 679 2695 δπᾷδογ
689 2595 749 2665 τοῖς
764 2591 986 2670 διδασκομένοις
996 2592 1060 2655 ἐκοι
1062 2611 1149 2651 τουτο

143 2674 340 2780 πριντοίπασιν.
353 2671 407 2741 αλλ
405 2670 501 2739 ουδ’
501 2698 582 2739 κτον
593 2697 670 2738 κατα
679 2698 758 2749 τινος
768 2676 818 2737 δει
824 2675 919 2757 λέγειν
929 2669 1043 2738 είναι
1015 2697 1067 2737 τον
1077 2692 1147 2735 σκο

142 2756 201 2825 πδν
215 2786 267 2826 τον
254 2758 437 2842 διαλόγου·
454 2753 524 2824 0555
535 2753 598 2864 γὰρ
607 2764 738 2844 τοωότος
752 2751 769 2822 δ
783 2765 866 2834 θεῖος
876 2752 1050 2862 Πλάτων,
1030 2782 1070 2832 ως
1081 2760 1146 2859 διρι-

143 2843 264 2949 βόλλριν
278 2849 438 2929 αἱρεῖσθαι.
460 2866 553 2918 ουτως
567 2835 598 2907 δ
614 2828 852 2946 όνασκευόζομεν
864 2838 933 2918 τοδς
947 2833 1150 2925 λέγονταςτον

144 2925 257 2993 σκοπόν
276 2869 353 2993 5550
366 2951 419 2991 τον
405 2929 605 3004 Μενεξένου
621 2929 688 3033 περὶ
709 2933 762 2990 τοῦ
782 2923 951 3029 διαβάλλειν
971 2926 1022 2989 καλ
1035 2944 1148 3027 προσα-

142 3020 306 3094 μιλλολσθαι
320 3005 397 3119 πρὸς
411 3006 636 3115 Θουκυδίδην.
623 3036 640 3076 0
653 3037 711 3095 γαρ
726 3007 887 3091 έπιτοίφιος,
903 3013 985 3089 φασί,
1002 3002 1053 3071 δια
1061 3032 1149 3072 τουτο

142 3094 353 3199 γέγραπται”
316 3119 397 3158 ουτω
377 3140 412 3181 ,
429 3090 627 3183 όντιγροίφειν
642 3095 857 3180 βουλομένῳ
827 3119 869 3157 τω
856 3093 1099 3158 Θουκυδίδου’
1084 3116 1147 3155 επι·

143 3187 229 3270 ταφί
217 3206 255 3244 ω·
272 3176 352 3290 ὅπερ
357 3159 477 3262 505509.

228 3272 326 3328 XXIII.
342 3261 397 3329 Ἐκ
413 3267 445 3330 δέ
458 3272 510 3329 τοῦ
521 3291 566 3371 μη
552 3257 772 3370 έμπαθρῦς,“
756 3285 800 3324 οτι
815 3259 851 3324 05
852 3285 920 3362 χρη
909 3193 1056 3340 έμπαθῆ
1071 3254 1148 3322 εἶναι

137 3343 194 3411 τόν
205 3347 336 3432 σκοπόν,
357 3353 410 3414 ίνα
423 3344 466 3432 μὴ
486 3356 546 3424 τοῖς
566 3342 803 3431 ἀναγινώσκουσι
817 3341 917 3418 παθος
933 3341 1075 3430 ἐμποιήσῃ
1091 3368 1147 3405 κα·
