<?xml version="1.0" encoding="UTF-8"?>
<!DOCTYPE html PUBLIC "-//W3C//DTD XHTML 1.0 Transitional//EN"
    "http://www.w3.org/TR/xhtml1/DTD/xhtml1-transitional.dtd">
<html xmlns="http://www.w3.org/1999/xhtml" xml:lang="en" lang="en">
 <head>
  <title>
</title>
<meta http-equiv="Content-Type" content="text/html;charset=utf-8" />
  <meta name='ocr-system' content='tesseract 3.04.00' />
  <meta name='ocr-capabilities' content='ocr_page ocr_carea ocr_par ocr_line ocrx_word'/>
</head>
<body>
  <div class='ocr_page' id='page_1' title='image "./dialogisecundum04platgoog_0381.png"; bbox 0 0 2408 3764; ppageno 0'>
   <div class='ocr_carea' id='block_1_1' title="bbox 132 218 1142 287">
    <p class='ocr_par' dir='ltr' id='par_1_1' title="bbox 132 218 1142 287">
     <span class='ocr_line' id='line_1_1' title="bbox 132 218 1142 287; baseline 0.009 -10"><span class='ocrx_word' id='word_1_1' title='bbox 132 218 197 287; x_wconf 72' lang='lat'><strong><em>294</em></strong></span> <span class='ocrx_word' id='word_1_2' title='bbox 542 222 733 283; x_wconf 79' lang='grc' dir='ltr'><em>ΣΧΟΛΙΑ</em></span> <span class='ocrx_word' id='word_1_3' title='bbox 1088 233 1142 286; x_wconf 67' lang='grc'><strong><em>150</em></strong></span> 
     </span>
    </p>
   </div>
   <div class='ocr_carea' id='block_1_2' title="bbox 130 379 1144 2002">
    <p class='ocr_par' dir='ltr' id='par_1_2' title="bbox 131 379 1143 890">
     <span class='ocr_line' id='line_1_2' title="bbox 132 379 1143 493; baseline 0.002 -43"><span class='ocrx_word' id='word_1_4' title='bbox 132 410 205 488; x_wconf 79' lang='grc' dir='ltr'><strong><em>μοις,</em></strong></span> <span class='ocrx_word' id='word_1_5' title='bbox 219 408 271 448; x_wconf 86' lang='grc' dir='ltr'><strong><em>του</em></strong></span> <span class='ocrx_word' id='word_1_6' title='bbox 260 384 319 448; x_wconf 76' lang='grc' dir='ltr'><strong><em>δὲ</em></strong></span> <span class='ocrx_word' id='word_1_7' title='bbox 333 386 481 458; x_wconf 84' lang='grc' dir='ltr'><strong><em>εἴδους</em></strong></span> <span class='ocrx_word' id='word_1_8' title='bbox 441 408 500 448; x_wconf 91' lang='grc' dir='ltr'><strong><em>των</em></strong></span> <span class='ocrx_word' id='word_1_9' title='bbox 513 389 631 449; x_wconf 77' lang='grc' dir='ltr'><strong><em>πολλῶν</em></strong></span> <span class='ocrx_word' id='word_1_10' title='bbox 644 410 678 449; x_wconf 90' lang='grc' dir='ltr'><strong><em>το</em></strong></span> <span class='ocrx_word' id='word_1_11' title='bbox 664 379 777 490; x_wconf 56' lang='grc' dir='ltr'><strong><em>μὴ’</em></strong></span> <span class='ocrx_word' id='word_1_12' title='bbox 759 382 920 493; x_wconf 73' lang='grc' dir='ltr'><strong><em>αρτιασμάν</em></strong></span> <span class='ocrx_word' id='word_1_13' title='bbox 935 382 1091 490; x_wconf 68' lang='grc' dir='ltr'><strong><em>ἔλυμον,</em></strong></span> <span class='ocrx_word' id='word_1_14' title='bbox 1062 413 1096 450; x_wconf 87' lang='grc' dir='ltr'><strong><em>το</em></strong></span> <span class='ocrx_word' id='word_1_15' title='bbox 1111 388 1143 452; x_wconf 73' lang='grc' dir='ltr'><strong><em>δὲ</em></strong></span> 
     </span>
     <span class='ocr_line' id='line_1_3' title="bbox 133 460 1142 573; baseline 0.002 -40"><span class='ocrx_word' id='word_1_16' title='bbox 133 466 238 569; x_wconf 80' lang='grc' dir='ltr'><strong><em>τρόπα,</em></strong></span> <span class='ocrx_word' id='word_1_17' title='bbox 253 493 285 533; x_wconf 92' lang='grc' dir='ltr'><strong><em>το</em></strong></span> <span class='ocrx_word' id='word_1_18' title='bbox 273 462 332 531; x_wconf 76' lang='grc' dir='ltr'><strong><em>δὲ</em></strong></span> <span class='ocrx_word' id='word_1_19' title='bbox 346 465 485 573; x_wconf 82' lang='grc' dir='ltr'><strong><em>άμιλλαν.</em></strong></span> <span class='ocrx_word' id='word_1_20' title='bbox 503 474 538 532; x_wconf 90' lang='lat'><strong><em>0.</em></strong></span> <span class='ocrx_word' id='word_1_21' title='bbox 563 461 722 573; x_wconf 76' lang='grc' dir='ltr'><strong><em>άρτιασμός</em></strong></span> <span class='ocrx_word' id='word_1_22' title='bbox 735 460 841 573; x_wconf 76' lang='grc' dir='ltr'><strong><em>μὲν</em></strong></span> <span class='ocrx_word' id='word_1_23' title='bbox 804 495 860 535; x_wconf 92' lang='grc' dir='ltr'><strong><em>ουν</em></strong></span> <span class='ocrx_word' id='word_1_24' title='bbox 874 467 975 535; x_wconf 80' lang='grc' dir='ltr'><strong><em>ἐστί</em></strong></span> <span class='ocrx_word' id='word_1_25' title='bbox 947 497 979 535; x_wconf 92' lang='grc' dir='ltr'><strong><em>το</em></strong></span> <span class='ocrx_word' id='word_1_26' title='bbox 995 469 1142 554; x_wconf 83' lang='grc' dir='ltr'><strong><em>δραξάμε-</em></strong></span> 
     </span>
     <span class='ocr_line' id='line_1_4' title="bbox 132 547 1142 659; baseline 0.002 -43"><span class='ocrx_word' id='word_1_27' title='bbox 132 579 187 617; x_wconf 92' lang='grc' dir='ltr'><strong><em>νον</em></strong></span> <span class='ocrx_word' id='word_1_28' title='bbox 208 547 443 654; x_wconf 80' lang='grc' dir='ltr'><strong><em>άστραμάλων”</em></strong></span> <span class='ocrx_word' id='word_1_29' title='bbox 416 577 441 656; x_wconf 94' lang='grc' dir='ltr'><strong><em>η</em></strong></span> <span class='ocrx_word' id='word_1_30' title='bbox 461 576 552 616; x_wconf 89' lang='grc' dir='ltr'><strong><em>τινων</em></strong></span> <span class='ocrx_word' id='word_1_31' title='bbox 570 551 669 617; x_wconf 87' lang='grc' dir='ltr'><strong><em>άλλων</em></strong></span> <span class='ocrx_word' id='word_1_32' title='bbox 689 550 881 630; x_wconf 78' lang='grc' dir='ltr'><strong><em>ἐξετάζειν</em></strong></span> <span class='ocrx_word' id='word_1_33' title='bbox 853 579 906 618; x_wconf 91' lang='grc' dir='ltr'><strong><em>τον</em></strong></span> <span class='ocrx_word' id='word_1_34' title='bbox 926 558 1142 659; x_wconf 78' lang='grc' dir='ltr'><strong><em>συμπαίζοντα,</em></strong></span> 
     </span>
     <span class='ocr_line' id='line_1_5' title="bbox 131 630 1143 740; baseline 0.002 -39"><span class='ocrx_word' id='word_1_35' title='bbox 131 632 255 740; x_wconf 79' lang='grc' dir='ltr'><strong><em>πότερον</em></strong></span> <span class='ocrx_word' id='word_1_36' title='bbox 274 630 433 720; x_wconf 87' lang='grc' dir='ltr'><strong><em>άρτίους</em></strong></span> <span class='ocrx_word' id='word_1_37' title='bbox 412 661 432 717; x_wconf 88' lang='grc' dir='ltr'><strong><em>η</em></strong></span> <span class='ocrx_word' id='word_1_38' title='bbox 451 630 607 722; x_wconf 84' lang='grc' dir='ltr'><strong><em>περισσους</em></strong></span> <span class='ocrx_word' id='word_1_39' title='bbox 633 633 806 727; x_wconf 42' lang='lat' dir='ltr'><strong><em>umgas</em></strong></span> <span class='ocrx_word' id='word_1_40' title='bbox 786 663 826 713; x_wconf 85' lang='grc' dir='ltr'><strong><em>ως</em></strong></span> <span class='ocrx_word' id='word_1_41' title='bbox 852 639 905 702; x_wconf 82' lang='grc' dir='ltr'><strong><em>καί</em></strong></span> <span class='ocrx_word' id='word_1_42' title='bbox 926 632 1143 724; x_wconf 78' lang='grc' dir='ltr'><strong><em>Ἀριστοφάνης</em></strong></span> 
     </span>
     <span class='ocr_line' id='line_1_6' title="bbox 133 719 276 807; baseline -0.008 -23"><span class='ocrx_word' id='word_1_43' title='bbox 133 719 276 807; x_wconf 81' lang='grc' dir='ltr'><strong><em>Πλοάτφ</em></strong></span> 
     </span>
     <span class='ocr_line' id='line_1_7' title="bbox 263 799 1029 953; baseline 0.004 -85.09"><span class='ocrx_word' id='word_1_44' title='bbox 263 809 425 953; x_wconf 76' lang='grc' dir='ltr'><strong><em>στατῆρσι</em></strong></span> <span class='ocrx_word' id='word_1_45' title='bbox 440 802 466 868; x_wconf 76' lang='grc' dir='ltr'><strong><em>δ’</em></strong></span> <span class='ocrx_word' id='word_1_46' title='bbox 481 807 513 868; x_wconf 86' lang='grc' dir='ltr'><strong><em>ολ</em></strong></span> <span class='ocrx_word' id='word_1_47' title='bbox 512 801 705 907; x_wconf 79' lang='grc' dir='ltr'><strong><em>θεράποντες</em></strong></span> <span class='ocrx_word' id='word_1_48' title='bbox 719 799 905 908; x_wconf 69' lang='grc' dir='ltr'><strong><em>ἀρτιάζομεν.</em></strong></span> <span class='ocrx_word' id='word_1_49' title='bbox 927 814 1029 872; x_wconf 83' lang='lat' dir='ltr'><strong><em>Ros.</em></strong></span> 
     </span>
    </p>

    <p class='ocr_par' dir='ltr' id='par_1_3' title="bbox 132 882 1144 1037">
     <span class='ocr_line' id='line_1_8' title="bbox 132 882 1144 975; baseline 0.002 -23"><span class='ocrx_word' id='word_1_50' title='bbox 132 882 272 972; x_wconf 79' lang='grc' dir='ltr'><strong><em>τράπαδ’</em></strong></span> <span class='ocrx_word' id='word_1_51' title='bbox 295 883 407 953; x_wconf 67' lang='grc' dir='ltr'><strong><em>ἐστίν’</em></strong></span> <span class='ocrx_word' id='word_1_52' title='bbox 390 915 412 972; x_wconf 90' lang='grc' dir='ltr'><strong><em>η</em></strong></span> <span class='ocrx_word' id='word_1_53' title='bbox 426 891 471 971; x_wconf 88' lang='grc' dir='ltr'><strong><em>είς</em></strong></span> <span class='ocrx_word' id='word_1_54' title='bbox 482 885 650 970; x_wconf 80' lang='grc' dir='ltr'><strong><em>βοθυνονὲ</em></strong></span> <span class='ocrx_word' id='word_1_55' title='bbox 649 913 668 951; x_wconf 86' lang='grc' dir='ltr'><strong><em>κ</em></strong></span> <span class='ocrx_word' id='word_1_56' title='bbox 684 885 878 972; x_wconf 77' lang='grc' dir='ltr'><strong><em>διαστήματος</em></strong></span> <span class='ocrx_word' id='word_1_57' title='bbox 892 888 975 974; x_wconf 81' lang='grc' dir='ltr'><strong><em>βολη.</em></strong></span> <span class='ocrx_word' id='word_1_58' title='bbox 996 897 1144 975; x_wconf 81' lang='grc' dir='ltr'><strong><em>Κρατῖνος</em></strong></span> 
     </span>
     <span class='ocr_line' id='line_1_9' title="bbox 132 979 221 1037; baseline 0 -1"><span class='ocrx_word' id='word_1_59' title='bbox 132 979 221 1037; x_wconf 87' lang='grc' dir='ltr'><strong><em>Πυλα</em></strong></span> 
     </span>
    </p>

    <p class='ocr_par' dir='ltr' id='par_1_4' title="bbox 130 977 1144 1565">
     <span class='ocr_line' id='line_1_10' title="bbox 221 977 1038 1145; baseline -0.001 -23"><span class='ocrx_word' id='word_1_60' title='bbox 221 977 267 1061; x_wconf 46' lang='lat' dir='ltr'><strong><em>tq</em></strong></span> <span class='ocrx_word' id='word_1_61' title='bbox 283 1084 305 1145; x_wconf 76' lang='grc' dir='ltr'><strong><em>η</em></strong></span> <span class='ocrx_word' id='word_1_62' title='bbox 291 1048 488 1131; x_wconf 80' lang='grc' dir='ltr'><strong><em>Διονυσίοις</em></strong></span> <span class='ocrx_word' id='word_1_63' title='bbox 497 1048 624 1132; x_wconf 81' lang='grc' dir='ltr'><strong><em>άιοάλοις</em></strong></span> <span class='ocrx_word' id='word_1_64' title='bbox 637 1051 769 1133; x_wconf 71' lang='grc' dir='ltr'><strong><em>παίζουά</em></strong></span> <span class='ocrx_word' id='word_1_65' title='bbox 785 1051 921 1139; x_wconf 78' lang='grc' dir='ltr'><strong><em>άνὲμενοι</em></strong></span> <span class='ocrx_word' id='word_1_66' title='bbox 935 1055 1038 1145; x_wconf 80' lang='grc' dir='ltr'><strong><em>τρόποι</em></strong></span> 
     </span>
     <span class='ocr_line' id='line_1_11' title="bbox 131 1135 1143 1247; baseline 0.001 -42"><span class='ocrx_word' id='word_1_67' title='bbox 131 1167 151 1247; x_wconf 88' lang='grc' dir='ltr'><strong><em>η</em></strong></span> <span class='ocrx_word' id='word_1_68' title='bbox 139 1135 200 1206; x_wconf 76' lang='grc' dir='ltr'><strong><em>δὲ</em></strong></span> <span class='ocrx_word' id='word_1_69' title='bbox 219 1139 334 1246; x_wconf 84' lang='grc' dir='ltr'><strong><em>ωμιλλά</em></strong></span> <span class='ocrx_word' id='word_1_70' title='bbox 353 1135 466 1205; x_wconf 56' lang='lat' dir='ltr'><strong><em>&amp;rust</em></strong></span> <span class='ocrx_word' id='word_1_71' title='bbox 449 1163 522 1204; x_wconf 87' lang='grc' dir='ltr'><strong><em>οταν</em></strong></span> <span class='ocrx_word' id='word_1_72' title='bbox 542 1137 780 1244; x_wconf 74' lang='grc' dir='ltr'><strong><em>περιγράψαντες</em></strong></span> <span class='ocrx_word' id='word_1_73' title='bbox 800 1140 913 1207; x_wconf 89' lang='grc' dir='ltr'><strong><em>κάκλον</em></strong></span> <span class='ocrx_word' id='word_1_74' title='bbox 933 1136 1031 1246; x_wconf 75' lang='grc' dir='ltr'><strong><em>ἐπιρρί</em></strong></span> <span class='ocrx_word' id='word_1_75' title='bbox 1028 1162 1143 1207; x_wconf 88' lang='grc' dir='ltr'><strong><em>πτωσιν</em></strong></span> 
     </span>
     <span class='ocr_line' id='line_1_12' title="bbox 132 1218 1144 1375; baseline 0.003 -85"><span class='ocrx_word' id='word_1_76' title='bbox 132 1221 371 1332; x_wconf 76' lang='grc' dir='ltr'><strong><em>αστραηάλους”</em></strong></span> <span class='ocrx_word' id='word_1_77' title='bbox 350 1251 370 1306; x_wconf 88' lang='grc' dir='ltr'><strong><em>η</em></strong></span> <span class='ocrx_word' id='word_1_78' title='bbox 391 1250 418 1287; x_wconf 91' lang='grc' dir='ltr'><strong><em>τι</em></strong></span> <span class='ocrx_word' id='word_1_79' title='bbox 432 1219 554 1329; x_wconf 86' lang='grc' dir='ltr'><strong><em>άλλο,</em></strong></span> <span class='ocrx_word' id='word_1_80' title='bbox 535 1249 575 1300; x_wconf 90' lang='grc' dir='ltr'><strong><em>ως</em></strong></span> <span class='ocrx_word' id='word_1_81' title='bbox 589 1248 625 1310; x_wconf 89' lang='grc' dir='ltr'><strong><em>τη</em></strong></span> <span class='ocrx_word' id='word_1_82' title='bbox 611 1224 694 1306; x_wconf 73' lang='grc' dir='ltr'><strong><em>μὲν</em></strong></span> <span class='ocrx_word' id='word_1_83' title='bbox 708 1218 789 1302; x_wconf 74' lang='grc' dir='ltr'><strong><em>ἐντὸς</em></strong></span> <span class='ocrx_word' id='word_1_84' title='bbox 802 1231 899 1375; x_wconf 59' lang='grc' dir='ltr'><strong><em>βολῇέ</em></strong></span> <span class='ocrx_word' id='word_1_85' title='bbox 892 1225 1046 1292; x_wconf 75' lang='grc' dir='ltr'><strong><em>νικώντων</em></strong></span> <span class='ocrx_word' id='word_1_86' title='bbox 1060 1253 1123 1333; x_wconf 85' lang='grc' dir='ltr'><strong><em>τη</em></strong></span> <span class='ocrx_word' id='word_1_87' title='bbox 1083 1228 1144 1293; x_wconf 75' lang='lat' dir='ltr'>R</span> 
     </span>
     <span class='ocr_line' id='line_1_13' title="bbox 133 1305 1142 1418; baseline 0 -44"><span class='ocrx_word' id='word_1_88' title='bbox 133 1305 213 1386; x_wconf 73' lang='grc' dir='ltr'><strong><em>ἐκτὸς</em></strong></span> <span class='ocrx_word' id='word_1_89' title='bbox 225 1307 409 1412; x_wconf 70' lang='grc' dir='ltr'><strong><em>ἡττωμένων</em></strong></span> <span class='ocrx_word' id='word_1_90' title='bbox 425 1305 558 1383; x_wconf 75' lang='grc' dir='ltr'><strong><em>Εὔπολις</em></strong></span> <span class='ocrx_word' id='word_1_91' title='bbox 570 1315 684 1416; x_wconf 81' lang='grc' dir='ltr'><strong><em>Χρυσφ</em></strong></span> <span class='ocrx_word' id='word_1_92' title='bbox 696 1310 774 1393; x_wconf 77' lang='grc' dir='ltr'><strong><em>γίνει</em></strong></span> <span class='ocrx_word' id='word_1_93' title='bbox 787 1312 960 1418; x_wconf 78' lang='grc' dir='ltr'><strong><em>μεταφέρων</em></strong></span> <span class='ocrx_word' id='word_1_94' title='bbox 976 1312 1070 1375; x_wconf 69' lang='grc' dir='ltr'><strong><em>ἔπι</em></strong></span> <span class='ocrx_word' id='word_1_95' title='bbox 1038 1337 1094 1393; x_wconf 89' lang='grc' dir='ltr'><strong><em>την</em></strong></span> <span class='ocrx_word' id='word_1_96' title='bbox 1109 1312 1142 1374; x_wconf 79' lang='grc' dir='ltr'><strong><em>ἐκ</em></strong></span> 
     </span>
     <span class='ocr_line' id='line_1_14' title="bbox 132 1388 1142 1504; baseline -0.001 -45"><span class='ocrx_word' id='word_1_97' title='bbox 132 1391 299 1459; x_wconf 81' lang='grc' dir='ltr'><strong><em>κυκλάπωυ</em></strong></span> <span class='ocrx_word' id='word_1_98' title='bbox 314 1388 488 1457; x_wconf 77' lang='grc' dir='ltr'><strong><em>κατάκλισιν</em></strong></span> <span class='ocrx_word' id='word_1_99' title='bbox 500 1389 630 1497; x_wconf 79' lang='grc' dir='ltr'><strong><em>τοάνομα</em></strong></span> <span class='ocrx_word' id='word_1_100' title='bbox 646 1418 743 1504; x_wconf 79' lang='grc' dir='ltr'><strong><em>ρυτως</em></strong></span> <span class='ocrx_word' id='word_1_101' title='bbox 752 1399 858 1476; x_wconf 89' lang='grc' dir='ltr'><strong><em>φησίν</em></strong></span> <span class='ocrx_word' id='word_1_102' title='bbox 874 1391 958 1462; x_wconf 71' lang='grc' dir='ltr'><strong><em>ἔπειτ’</em></strong></span> <span class='ocrx_word' id='word_1_103' title='bbox 975 1398 1080 1476; x_wconf 83' lang='grc' dir='ltr'><strong><em>εἴσειμι</em></strong></span> <span class='ocrx_word' id='word_1_104' title='bbox 1094 1397 1142 1458; x_wconf 78' lang='grc' dir='ltr'><strong><em>ἐν·</em></strong></span> 
     </span>
     <span class='ocr_line' id='line_1_15' title="bbox 130 1470 820 1584; baseline -0.001 -41"><span class='ocrx_word' id='word_1_105' title='bbox 130 1475 210 1543; x_wconf 55' lang='lat' dir='ltr'><strong><em>adde</em></strong></span> <span class='ocrx_word' id='word_1_106' title='bbox 224 1483 323 1559; x_wconf 82' lang='grc' dir='ltr'><strong><em>μείνας</em></strong></span> <span class='ocrx_word' id='word_1_107' title='bbox 338 1480 378 1552; x_wconf 87' lang='grc' dir='ltr'><strong><em>είς</em></strong></span> <span class='ocrx_word' id='word_1_108' title='bbox 393 1473 523 1580; x_wconf 87' lang='grc' dir='ltr'><strong><em>ωμιλλαν</em></strong></span> <span class='ocrx_word' id='word_1_109' title='bbox 538 1470 597 1540; x_wconf 83' lang='grc' dir='ltr'><strong><em>κάν</em></strong></span> <span class='ocrx_word' id='word_1_110' title='bbox 617 1471 659 1560; x_wconf 75' lang='grc' dir='ltr'><strong><em>μὴ</em></strong></span> <span class='ocrx_word' id='word_1_111' title='bbox 679 1481 771 1584; x_wconf 85' lang='grc' dir='ltr'><strong><em>μετίη.</em></strong></span> <span class='ocrx_word' id='word_1_112' title='bbox 788 1487 820 1543; x_wconf 90' lang='grc' dir='ltr'><strong><em>Ο.</em></strong></span> 
     </span>
    </p>

    <p class='ocr_par' dir='ltr' id='par_1_5' title="bbox 132 1553 1141 1801">
     <span class='ocr_line' id='line_1_16' title="bbox 216 1553 1140 1662; baseline 0 -37"><span class='ocrx_word' id='word_1_113' title='bbox 216 1571 248 1625; x_wconf 98' lang='grc' dir='ltr'><strong><em>Ε.</em></strong></span> <span class='ocrx_word' id='word_1_114' title='bbox 271 1557 376 1625; x_wconf 82' lang='grc' dir='ltr'><strong><em>παιδιά</em></strong></span> <span class='ocrx_word' id='word_1_115' title='bbox 390 1585 433 1635; x_wconf 87' lang='grc' dir='ltr'><strong><em>τις</em></strong></span> <span class='ocrx_word' id='word_1_116' title='bbox 447 1556 479 1625; x_wconf 80' lang='grc' dir='ltr'><strong><em>τὸ</em></strong></span> <span class='ocrx_word' id='word_1_117' title='bbox 494 1554 651 1662; x_wconf 75' lang='grc' dir='ltr'><strong><em>άρτιάζειν,</em></strong></span> <span class='ocrx_word' id='word_1_118' title='bbox 667 1553 735 1625; x_wconf 78' lang='grc' dir='ltr'><strong><em>ἕν</em></strong></span> <span class='ocrx_word' id='word_1_119' title='bbox 715 1588 734 1648; x_wconf 84' lang='grc' dir='ltr'><strong><em>η</em></strong></span> <span class='ocrx_word' id='word_1_120' title='bbox 758 1557 826 1638; x_wconf 82' lang='grc' dir='ltr'><strong><em>τοάς</em></strong></span> <span class='ocrx_word' id='word_1_121' title='bbox 840 1556 960 1645; x_wconf 89' lang='grc' dir='ltr'><strong><em>άρτίους</em></strong></span> <span class='ocrx_word' id='word_1_122' title='bbox 974 1564 1026 1626; x_wconf 82' lang='grc' dir='ltr'><strong><em>καὶ</em></strong></span> <span class='ocrx_word' id='word_1_123' title='bbox 1039 1582 1140 1647; x_wconf 81' lang='grc' dir='ltr'><strong><em>περισ·</em></strong></span> 
     </span>
     <span class='ocr_line' id='line_1_17' title="bbox 133 1640 1141 1729; baseline -0.001 -19"><span class='ocrx_word' id='word_1_124' title='bbox 133 1640 202 1722; x_wconf 88' lang='grc' dir='ltr'><strong><em>σους</em></strong></span> <span class='ocrx_word' id='word_1_125' title='bbox 222 1640 369 1729; x_wconf 78' lang='grc' dir='ltr'><strong><em>άρνθμοὺς</em></strong></span> <span class='ocrx_word' id='word_1_126' title='bbox 391 1642 661 1727; x_wconf 83' lang='grc' dir='ltr'><strong><em>καταστοχάζονται.</em></strong></span> <span class='ocrx_word' id='word_1_127' title='bbox 681 1648 815 1727; x_wconf 82' lang='grc' dir='ltr'><strong><em>σημαίνει</em></strong></span> <span class='ocrx_word' id='word_1_128' title='bbox 835 1646 868 1709; x_wconf 77' lang='grc' dir='ltr'><strong><em>δὲ</em></strong></span> <span class='ocrx_word' id='word_1_129' title='bbox 888 1641 988 1710; x_wconf 83' lang='grc' dir='ltr'><strong><em>καὶ</em></strong></span> <span class='ocrx_word' id='word_1_130' title='bbox 959 1672 992 1710; x_wconf 87' lang='grc' dir='ltr'><strong><em>το</em></strong></span> <span class='ocrx_word' id='word_1_131' title='bbox 1006 1653 1141 1729; x_wconf 79' lang='grc' dir='ltr'><strong><em>πληροῦν</em></strong></span> 
     </span>
     <span class='ocr_line' id='line_1_18' title="bbox 132 1731 412 1801; baseline -0.011 -6"><span class='ocrx_word' id='word_1_132' title='bbox 132 1731 183 1801; x_wconf 79' lang='grc' dir='ltr'><strong><em>καί</em></strong></span> <span class='ocrx_word' id='word_1_133' title='bbox 200 1736 355 1795; x_wconf 83' lang='grc' dir='ltr'><strong><em>συντελεῖν.</em></strong></span> <span class='ocrx_word' id='word_1_134' title='bbox 379 1737 412 1793; x_wconf 91' lang='grc' dir='ltr'><strong><em>Ο.</em></strong></span> 
     </span>
    </p>

    <p class='ocr_par' dir='ltr' id='par_1_6' title="bbox 132 1806 1142 1985">
     <span class='ocr_line' id='line_1_19' title="bbox 215 1806 1142 1916; baseline -0.001 -37"><span class='ocrx_word' id='word_1_135' title='bbox 215 1824 247 1879; x_wconf 88' lang='grc' dir='ltr'><strong><em>Ε.</em></strong></span> <span class='ocrx_word' id='word_1_136' title='bbox 274 1839 333 1899; x_wconf 87' lang='grc' dir='ltr'><strong><em>φορ</em></strong></span> <span class='ocrx_word' id='word_1_137' title='bbox 333 1817 458 1895; x_wconf 87' lang='grc' dir='ltr'><strong><em>μίσκων]</em></strong></span> <span class='ocrx_word' id='word_1_138' title='bbox 481 1817 682 1878; x_wconf 76' lang='grc' dir='ltr'><strong><em>καλαθίσκων.</em></strong></span> <span class='ocrx_word' id='word_1_139' title='bbox 703 1820 737 1875; x_wconf 89' lang='lat' dir='ltr'><strong><em>R.</em></strong></span> <span class='ocrx_word' id='word_1_140' title='bbox 772 1818 905 1876; x_wconf 80' lang='grc' dir='ltr'><strong><em>πλεκτῶν</em></strong></span> <span class='ocrx_word' id='word_1_141' title='bbox 926 1806 1095 1916; x_wconf 76' lang='grc' dir='ltr'><strong><em>άμμείων”</em></strong></span> <span class='ocrx_word' id='word_1_142' title='bbox 1074 1839 1142 1895; x_wconf 90' lang='grc' dir='ltr'><strong><em>ητοι</em></strong></span> 
     </span>
     <span class='ocr_line' id='line_1_20' title="bbox 132 1889 1140 2002; baseline -0.003 -37"><span class='ocrx_word' id='word_1_143' title='bbox 132 1903 291 1985; x_wconf 76' lang='grc' dir='ltr'><strong><em>σπυρίδων.</em></strong></span> <span class='ocrx_word' id='word_1_144' title='bbox 307 1924 388 1984; x_wconf 91' lang='grc' dir='ltr'><strong><em>φορμ</em></strong></span> <span class='ocrx_word' id='word_1_145' title='bbox 389 1901 436 1963; x_wconf 93' lang='grc' dir='ltr'><strong><em>ίον</em></strong></span> <span class='ocrx_word' id='word_1_146' title='bbox 447 1898 480 1963; x_wconf 72' lang='grc' dir='ltr'><strong><em>δὲ</em></strong></span> <span class='ocrx_word' id='word_1_147' title='bbox 488 1900 603 2002; x_wconf 68' lang='grc' dir='ltr'><strong><em>πλέγμα</em></strong></span> <span class='ocrx_word' id='word_1_148' title='bbox 616 1922 644 1961; x_wconf 90' lang='grc' dir='ltr'><strong><em>τι</em></strong></span> <span class='ocrx_word' id='word_1_149' title='bbox 652 1900 809 2000; x_wconf 79' lang='grc' dir='ltr'><strong><em>φιαθωδες</em></strong></span> <span class='ocrx_word' id='word_1_150' title='bbox 818 1889 885 1981; x_wconf 84' lang='grc' dir='ltr'><strong><em>παρ’</em></strong></span> <span class='ocrx_word' id='word_1_151' title='bbox 897 1892 1088 1960; x_wconf 74' lang='grc' dir='ltr'><strong><em>Ἱππώνακτι.</em></strong></span> <span class='ocrx_word' id='word_1_152' title='bbox 1108 1906 1140 1962; x_wconf 90' lang='grc' dir='ltr'><strong><em>Ο.</em></strong></span> 
     </span>
    </p>
   </div>
   <div class='ocr_carea' id='block_1_3' title="bbox 132 1977 1139 2152">
    <p class='ocr_par' dir='ltr' id='par_1_7' title="bbox 132 1977 1139 2152">
     <span class='ocr_line' id='line_1_21' title="bbox 215 1977 1139 2087; baseline -0.006 -36"><span class='ocrx_word' id='word_1_153' title='bbox 215 1993 267 2051; x_wconf 70' lang='lat'><strong><em>207</em></strong></span> <span class='ocrx_word' id='word_1_154' title='bbox 281 1992 315 2048; x_wconf 99' lang='grc' dir='ltr'><strong>Β</strong></span> <span class='ocrx_word' id='word_1_155' title='bbox 337 1979 596 2087; x_wconf 68' lang='grc' dir='ltr'><strong><em>ἐπηλυμισάμενος]</em></strong></span> <span class='ocrx_word' id='word_1_156' title='bbox 612 1977 864 2064; x_wconf 67' lang='grc' dir='ltr'><strong><em>ἐπαιτιασάμενος,</em></strong></span> <span class='ocrx_word' id='word_1_157' title='bbox 879 1979 1139 2067; x_wconf 77' lang='grc' dir='ltr'><strong><em>ἐπικρυψάμενος</em></strong></span> 
     </span>
     <span class='ocr_line' id='line_1_22' title="bbox 132 2062 454 2152; baseline 0.006 -22"><span class='ocrx_word' id='word_1_158' title='bbox 132 2064 207 2152; x_wconf 80' lang='grc' dir='ltr'><strong><em>λάμη</em></strong></span> <span class='ocrx_word' id='word_1_159' title='bbox 220 2062 279 2152; x_wconf 77' lang='grc' dir='ltr'><strong><em>γάρ</em></strong></span> <span class='ocrx_word' id='word_1_160' title='bbox 292 2096 313 2150; x_wconf 93' lang='grc' dir='ltr'><strong><em>η</em></strong></span> <span class='ocrx_word' id='word_1_161' title='bbox 327 2067 406 2131; x_wconf 88' lang='grc' dir='ltr'><strong><em>σκιά.</em></strong></span> <span class='ocrx_word' id='word_1_162' title='bbox 420 2075 454 2132; x_wconf 90' lang='grc' dir='ltr'><strong>Β</strong></span> 
     </span>
    </p>
   </div>
   <div class='ocr_carea' id='block_1_4' title="bbox 132 2313 1139 2759">
    <p class='ocr_par' dir='ltr' id='par_1_8' title="bbox 132 2313 1139 2489">
     <span class='ocr_line' id='line_1_23' title="bbox 216 2313 1139 2413; baseline -0.007 -25"><span class='ocrx_word' id='word_1_163' title='bbox 216 2333 268 2388; x_wconf 76' lang='lat'><strong><em>209</em></strong></span> <span class='ocrx_word' id='word_1_164' title='bbox 283 2329 316 2384; x_wconf 93' lang='grc' dir='ltr'><strong><em>Β.</em></strong></span> <span class='ocrx_word' id='word_1_165' title='bbox 332 2327 440 2413; x_wconf 82' lang='grc' dir='ltr'><strong><em>ψῆλαι]</em></strong></span> <span class='ocrx_word' id='word_1_166' title='bbox 457 2315 489 2384; x_wconf 86' lang='grc' dir='ltr'><strong><em>τὸ</em></strong></span> <span class='ocrx_word' id='word_1_167' title='bbox 505 2317 577 2384; x_wconf 86' lang='grc' dir='ltr'><strong><em>άνευ</em></strong></span> <span class='ocrx_word' id='word_1_168' title='bbox 592 2317 788 2403; x_wconf 89' lang='grc' dir='ltr'><strong><em>πληκτρου</em></strong></span> <span class='ocrx_word' id='word_1_169' title='bbox 758 2343 799 2381; x_wconf 90' lang='grc' dir='ltr'><strong><em>τω</em></strong></span> <span class='ocrx_word' id='word_1_170' title='bbox 787 2314 998 2407; x_wconf 35' lang='grc' dir='ltr'><strong><em>Ηδακτάλφ</em></strong></span> <span class='ocrx_word' id='word_1_171' title='bbox 966 2344 1018 2396; x_wconf 85' lang='grc' dir='ltr'><strong><em>τας</em></strong></span> <span class='ocrx_word' id='word_1_172' title='bbox 1033 2313 1139 2406; x_wconf 79' lang='grc' dir='ltr'><strong><em>χορδάς</em></strong></span> 
     </span>
     <span class='ocr_line' id='line_1_24' title="bbox 132 2403 666 2489; baseline -0.006 -21"><span class='ocrx_word' id='word_1_173' title='bbox 132 2403 317 2485; x_wconf 68' lang='grc' dir='ltr'><strong><em>ἔπαφᾶσθαι.</em></strong></span> <span class='ocrx_word' id='word_1_174' title='bbox 334 2413 367 2469; x_wconf 91' lang='lat'><strong><em>0.</em></strong></span> <span class='ocrx_word' id='word_1_175' title='bbox 388 2430 435 2489; x_wconf 80' lang='grc' dir='ltr'><strong><em>γρ.</em></strong></span> <span class='ocrx_word' id='word_1_176' title='bbox 427 2405 501 2468; x_wconf 77' lang='grc' dir='ltr'><strong><em>.καλ</em></strong></span> <span class='ocrx_word' id='word_1_177' title='bbox 515 2405 617 2466; x_wconf 89' lang='grc' dir='ltr'><strong><em>τίλλαι.</em></strong></span> <span class='ocrx_word' id='word_1_178' title='bbox 632 2410 666 2465; x_wconf 90' lang='grc' dir='ltr'><strong>Β</strong></span> 
     </span>
    </p>

    <p class='ocr_par' dir='ltr' id='par_1_9' title="bbox 132 2478 1139 2654">
     <span class='ocr_line' id='line_1_25' title="bbox 215 2478 1139 2591; baseline -0.004 -38"><span class='ocrx_word' id='word_1_179' title='bbox 215 2484 358 2557; x_wconf 71' lang='grc' dir='ltr'><strong>Ε16Α.’</strong></span> <span class='ocrx_word' id='word_1_180' title='bbox 341 2485 381 2564; x_wconf 83' lang='grc' dir='ltr'><strong><em>άς</em></strong></span> <span class='ocrx_word' id='word_1_181' title='bbox 394 2512 436 2591; x_wconf 81' lang='grc' dir='ltr'><strong><em>γε</em></strong></span> <span class='ocrx_word' id='word_1_182' title='bbox 456 2485 562 2589; x_wconf 78' lang='grc' dir='ltr'><strong><em>ηάτωσλ</em></strong></span> <span class='ocrx_word' id='word_1_183' title='bbox 577 2479 717 2561; x_wconf 85' lang='grc' dir='ltr'><strong><em>άκοῦσοιι]</em></strong></span> <span class='ocrx_word' id='word_1_184' title='bbox 739 2478 806 2549; x_wconf 83' lang='grc' dir='ltr'><strong><em>άντί</em></strong></span> <span class='ocrx_word' id='word_1_185' title='bbox 824 2491 877 2549; x_wconf 82' lang='grc' dir='ltr'><strong><em>τοῦ</em></strong></span> <span class='ocrx_word' id='word_1_186' title='bbox 892 2480 954 2550; x_wconf 88' lang='grc' dir='ltr'><strong><em>κατ’</em></strong></span> <span class='ocrx_word' id='word_1_187' title='bbox 977 2513 1071 2568; x_wconf 91' lang='grc' dir='ltr'><strong><em>αυτην</em></strong></span> <span class='ocrx_word' id='word_1_188' title='bbox 1084 2512 1139 2569; x_wconf 90' lang='grc' dir='ltr'><strong><em>την</em></strong></span> 
     </span>
     <span class='ocr_line' id='line_1_26' title="bbox 132 2566 831 2676; baseline -0.005 -41"><span class='ocrx_word' id='word_1_189' title='bbox 132 2566 237 2653; x_wconf 74' lang='grc' dir='ltr'><strong><em>ἀκοήν,</em></strong></span> <span class='ocrx_word' id='word_1_190' title='bbox 252 2568 314 2638; x_wconf 89' lang='grc' dir='ltr'><strong><em>κατ’</em></strong></span> <span class='ocrx_word' id='word_1_191' title='bbox 331 2597 424 2676; x_wconf 85' lang='grc' dir='ltr'><strong><em>αυτην</em></strong></span> <span class='ocrx_word' id='word_1_192' title='bbox 437 2596 453 2634; x_wconf 90' lang='grc' dir='ltr'><strong><em>τ</em></strong></span> <span class='ocrx_word' id='word_1_193' title='bbox 476 2597 492 2632; x_wconf 91' lang='grc' dir='ltr'><strong><em>ν</em></strong></span> <span class='ocrx_word' id='word_1_194' title='bbox 504 2591 625 2652; x_wconf 89' lang='grc' dir='ltr'><strong><em>πρωτην</em></strong></span> <span class='ocrx_word' id='word_1_195' title='bbox 638 2569 831 2648; x_wconf 67' lang='grc' dir='ltr'><strong><em>ἔντευξινΗο</em></strong></span> 
     </span>
    </p>

    <p class='ocr_par' dir='ltr' id='par_1_10' title="bbox 215 2597 984 2759">
     <span class='ocr_line' id='line_1_27' title="bbox 215 2597 984 2759; baseline -0.003 -36"><span class='ocrx_word' id='word_1_196' title='bbox 215 2670 250 2724; x_wconf 70' lang='grc' dir='ltr'><strong>Β</strong></span> <span class='ocrx_word' id='word_1_197' title='bbox 274 2563 670 2759; x_wconf 68' lang='grc' dir='ltr'><strong><em>άλλόκοτον,ίξηλλαγμε’νον</em></strong></span> <span class='ocrx_word' id='word_1_198' title='bbox 684 2653 735 2755; x_wconf 83' lang='grc' dir='ltr'><strong><em>ηαλ</em></strong></span> <span class='ocrx_word' id='word_1_199' title='bbox 751 2649 844 2739; x_wconf 86' lang='grc' dir='ltr'><strong><em>ίδιότρ</em></strong></span> <span class='ocrx_word' id='word_1_200' title='bbox 846 2678 929 2720; x_wconf 90' lang='grc' dir='ltr'><strong><em>οπον.</em></strong></span> <span class='ocrx_word' id='word_1_201' title='bbox 950 2665 984 2721; x_wconf 98' lang='grc' dir='ltr'><strong>Β</strong></span> 
     </span>
    </p>
   </div>
   <div class='ocr_carea' id='block_1_5' title="bbox 218 2731 1138 2848">
    <p class='ocr_par' dir='ltr' id='par_1_11' title="bbox 218 2731 1138 2848">
     <span class='ocr_line' id='line_1_28' title="bbox 218 2731 1138 2848; baseline -0.003 -41"><span class='ocrx_word' id='word_1_202' title='bbox 218 2749 247 2806; x_wconf 84' lang='lat' dir='ltr'>C</span> <span class='ocrx_word' id='word_1_203' title='bbox 265 2768 298 2806; x_wconf 90' lang='grc' dir='ltr'><strong><em>το</em></strong></span> <span class='ocrx_word' id='word_1_204' title='bbox 286 2734 404 2804; x_wconf 90' lang='grc' dir='ltr'><strong><em>καλου</em></strong></span> <span class='ocrx_word' id='word_1_205' title='bbox 417 2740 517 2838; x_wconf 89' lang='grc' dir='ltr'><strong><em>φίλον]</em></strong></span> <span class='ocrx_word' id='word_1_206' title='bbox 538 2736 586 2799; x_wconf 73' lang='grc' dir='ltr'><strong><em>ἐπὶ</em></strong></span> <span class='ocrx_word' id='word_1_207' title='bbox 599 2761 659 2801; x_wconf 89' lang='grc' dir='ltr'><strong><em>των</em></strong></span> <span class='ocrx_word' id='word_1_208' title='bbox 672 2762 704 2801; x_wconf 90' lang='grc' dir='ltr'><strong><em>το</em></strong></span> <span class='ocrx_word' id='word_1_209' title='bbox 693 2731 884 2848; x_wconf 80' lang='grc' dir='ltr'><strong><em>συμφέρον</em></strong></span> <span class='ocrx_word' id='word_1_210' title='bbox 887 2743 1080 2841; x_wconf 76' lang='grc' dir='ltr'><strong><em>αἱρουμένων</em></strong></span> <span class='ocrx_word' id='word_1_211' title='bbox 1103 2747 1138 2804; x_wconf 88' lang='grc' dir='ltr'><strong>Β.</strong></span> 
     </span>
    </p>
   </div>
   <div class='ocr_carea' id='block_1_6' title="bbox 216 2817 1140 2992">
    <p class='ocr_par' dir='ltr' id='par_1_12' title="bbox 216 2817 1140 2992">
     <span class='ocr_line' id='line_1_29' title="bbox 216 2817 1059 2929; baseline -0.01 -35"><span class='ocrx_word' id='word_1_212' title='bbox 216 2835 316 2893; x_wconf 76' lang='grc' dir='ltr'><strong>219Β.</strong></span> <span class='ocrx_word' id='word_1_213' title='bbox 337 2850 379 2926; x_wconf 87' lang='grc' dir='ltr'><strong><em>μη</em></strong></span> <span class='ocrx_word' id='word_1_214' title='bbox 366 2817 518 2903; x_wconf 85' lang='grc' dir='ltr'><strong><em>μάλιστα</em></strong></span> <span class='ocrx_word' id='word_1_215' title='bbox 532 2817 619 2897; x_wconf 77' lang='grc' dir='ltr'><strong><em>ἄλλα]</em></strong></span> <span class='ocrx_word' id='word_1_216' title='bbox 617 2847 681 2926; x_wconf 81' lang='grc' dir='ltr'><strong><em>γρ.</em></strong></span> <span class='ocrx_word' id='word_1_217' title='bbox 698 2822 750 2886; x_wconf 83' lang='grc' dir='ltr'><strong><em>καὶ</em></strong></span> <span class='ocrx_word' id='word_1_218' title='bbox 764 2849 804 2907; x_wconf 93' lang='grc' dir='ltr'><strong><em>μη</em></strong></span> <span class='ocrx_word' id='word_1_219' title='bbox 820 2821 1011 2929; x_wconf 76' lang='grc' dir='ltr'><strong><em>ημάςτάλλα.</em></strong></span> <span class='ocrx_word' id='word_1_220' title='bbox 1026 2832 1059 2886; x_wconf 91' lang='lat' dir='ltr'><strong><em>R.</em></strong></span> 
     </span>
     <span class='ocr_line' id='line_1_30' title="bbox 216 2900 1140 2992; baseline -0.004 -19"><span class='ocrx_word' id='word_1_221' title='bbox 216 2918 315 2978; x_wconf 70' lang='lat'><strong>2228.</strong></span> <span class='ocrx_word' id='word_1_222' title='bbox 333 2901 465 2981; x_wconf 89' lang='grc' dir='ltr'><strong><em>απολειν]</em></strong></span> <span class='ocrx_word' id='word_1_223' title='bbox 477 2930 524 2990; x_wconf 81' lang='grc' dir='ltr'><strong><em>γρ</em></strong></span> <span class='ocrx_word' id='word_1_224' title='bbox 540 2905 591 2969; x_wconf 79' lang='grc' dir='ltr'><strong><em>καί</em></strong></span> <span class='ocrx_word' id='word_1_225' title='bbox 606 2900 763 2971; x_wconf 88' lang='grc' dir='ltr'><strong><em>άπολιπειν</em></strong></span> <span class='ocrx_word' id='word_1_226' title='bbox 778 2912 829 2974; x_wconf 80' lang='grc' dir='ltr'><strong><em>καί</em></strong></span> <span class='ocrx_word' id='word_1_227' title='bbox 841 2903 1011 2992; x_wconf 81' lang='grc' dir='ltr'><strong><em>αποβαλειν</em></strong></span> <span class='ocrx_word' id='word_1_228' title='bbox 1025 2914 1061 2969; x_wconf 87' lang='grc' dir='ltr'><strong>Β</strong></span> <span class='ocrx_word' id='word_1_229' title='bbox 1135 2979 1140 2986; x_wconf 47' lang='grc'><strong>,</strong></span> 
     </span>
    </p>
   </div>
   <div class='ocr_carea' id='block_1_7' title="bbox 532 3137 738 3147">
    <p class='ocr_par' dir='ltr' id='par_1_13' title="bbox 532 3137 738 3147">
     <span class='ocr_line' id='line_1_31' title="bbox 532 3137 738 3147; baseline 0.005 -3"><span class='ocrx_word' id='word_1_230' title='bbox 532 3137 738 3147; x_wconf 77' lang='grc'><strong><em>---..-.-..</em></strong></span> 
     </span>
    </p>
   </div>
   <div class='ocr_carea' id='block_1_8' title="bbox 0 0 1208 3764">
    <p class='ocr_par' dir='ltr' id='par_1_14' title="bbox 0 0 1208 3764">
     <span class='ocr_line' id='line_1_32' title="bbox 0 0 1208 3764; baseline 0 0"><span class='ocrx_word' id='word_1_231' title='bbox 0 0 1208 3764; x_wconf 95' lang='lat' dir='ltr'><strong><em> </em></strong></span> 
     </span>
    </p>
   </div>
  </div>
 </body>
</html>
