2408 3764
405 190 666 255 εαιενοΛα
685 186 718 270 ς.
1022 184 1065 260 2⁵

64 375 150 437 σεως
160 355 201 424 τά
211 356 286 442 περὶ
298 353 486 423 Διονύσιον
504 349 607 438 μεστὰ
625 351 798 436 ξύμπαντα
817 356 873 423 καί
891 360 1064 444 διαβολιᾶν

65 453 152 542 πρὸς
163 453 225 541 τὴν
236 457 420 540 τυραννίδα
430 457 563 531 Δίωνος
575 452 666 532 πέρι·
688 448 820 536 ἤμυνον
830 447 1064 541 μὲνούντιαδ’
1083 476 1103 528 ο

65 550 150 620 ὅσον
169 551 358 639 ἠδυνάμην,
376 548 500 638 σμικρά
522 545 556 615 δ’
580 540 652 625 οἷός
669 544 699 612 τ’
718 542 772 636 ἧν,
790 554 870 637 μηνὶ
886 554 924 621 δὲ
942 553 1064 639 σχεδὸν

66 659 147 730 ἴσως
156 649 300 740 τετάρτω
310 656 427 718 Δίωνα
433 643 818 728 Διονύσιοςαίτιοόμενος
829 649 1064 736 ἐπιβουλεύειν

66 754 107 835 τῇ
123 751 310 834 τυραννίδι,
335 742 479 831 σμικρὸν
503 746 549 819 είς
570 746 689 806 πλοῖον
712 741 889 825 ἐμβιβάσας
908 747 1063 835 ἐξέβαλεν

66 843 197 930 ἀτίμως.
222 848 257 911 οί
265 842 307 927 δὴ
319 847 454 918 Δίωνος
469 834 507 904 τὸ
519 834 600 923 μετὰ
616 840 717 903 τούτο
735 834 855 913 πάντες
872 845 962 921 φίλοι
980 845 1063 928 ἐφο-

66 941 233 1028 βούμεθα,
246 939 290 1025 μή
306 962 382 1004 τινα
394 933 630 1019 ἐπαιτιώμενος
639 944 817 1018 τιμωροῖτο
830 930 875 1012 ὦς
891 945 1063 1007 συναίτιον

66 1045 126 1124 της
143 1045 277 1113 Δίωνος
296 1024 489 1120 ἐπιβουλῆς·
511 1033 587 1119 περὶ
604 1027 636 1097 δ’
656 1031 740 1116 ἐμοῦ
756 1030 812 1096 καὶ
829 1033 949 1114 διῆλθε
965 1035 1064 1118 λόγος

66 1162 116 1214 τις
128 1131 416 1218 ἐνΣυρακούσαις,
424 1126 699 1213 οἱςτεθνεύςείην
707 1125 774 1195 ὑπὸ
781 1133 972 1196 Διονυσίου
983 1133 1065 1197 τού-

69 1259 138 1300 των
158 1228 203 1309 ύς
228 1231 362 1298 πάντων
378 1236 446 1297 των
467 1229 549 1298 τότε
557 1226 749 1314 γεγονότων
766 1235 880 1307 αἴτιος.
910 1225 928 1295 ὁ
952 1226 995 1295 δὲ
1008 1234 1100 1296 αί-ῐ)
1173 1300 1176 1305 ⁴

71 1329 280 1414 σθανόμενος
291 1327 415 1406 πάντας
425 1323 606 1414 ἡμᾶςούτω
618 1321 842 1414 διατεθέντας,
851 1326 1067 1414 φοβούμενος

70 1426 114 1512 μη
125 1433 236 1512 μεῖζον
248 1429 285 1494 ἐκ
295 1433 365 1494 τοῖν
376 1427 497 1513 φόβων
507 1424 640 1511 γένοιτό
650 1451 693 1513 τι,
710 1426 928 1514 φιλοφρόνως
940 1427 1067 1506 πάντας

69 1521 288 1610 ἀνελάμβανε,
301 1525 357 1590 καί
367 1521 409 1608 δὴ
421 1526 477 1607 καὶ
487 1521 548 1589 τὸν
559 1521 614 1608 ἐμὲ
624 1522 853 1609 παρεμυθεῖτό
863 1547 900 1590 τε
910 1527 966 1590 καί
976 1533 1067 1610 βαρ·

68 1633 140 1704 ρεῖυ
151 1618 357 1687 διεκελεύετο
368 1620 423 1685 καὶ
435 1620 539 1686 ἐδεῖτο
551 1619 685 1698 πάντως
695 1619 826 1704 μένειν·
839 1616 986 1704 ἐγόβνετο
999 1622 1064 1707 γάρ

68 1721 102 1786 οί
111 1713 148 1784 τὸ
161 1715 224 1802 μὲν
235 1717 292 1803 ἐμὲ
304 1730 427 1803 φυγεῖν
438 1714 498 1784 ἀπ’
518 1714 625 1785 αύτού
642 1714 747 1784 καλὸν
765 1714 879 1803 ούδέν,
894 1716 931 1786 τὸ
951 1717 988 1785 δὲ
1005 1720 1066 1804 με’-

68 1841 151 1902 νειν,
170 1813 224 1882 διὰ
246 1813 289 1900 δὴ
303 1817 358 1882 καί
381 1815 514 1901 σφόδρα
530 1827 759 1901 προσεποιεῖτο
777 1819 919 1882 δεῖσθαι.
948 1812 1007 1896 τὰς
1028 1817 1065 1883 δὲ

69 1920 136 1981 ταῖν
147 1912 326 2000 τυράννων
343 1914 474 2000 δεήσεις
491 1923 598 2001 ίσμεν,
617 1911 670 1982 ὅτι
690 1910 1066 2000 μεμιγμέναιάνάγκαις

70 2018 167 2080 είσίν·
182 2007 208 2080 δ’
219 2010 261 2098 δὴ
273 2012 509 2099 μηχανώμενος
526 2011 689 2081 διεκόλυέ
698 2038 763 2098 μου
775 2010 836 2080 τὸν
846 2017 1005 2101 ἔκπλουν,
1017 2019 1064 2094 είς
1081 2037 1101 2086 E

69 2106 253 2196 ἀκρόπολιν
264 2107 401 2195 ιἰγαγύν
417 2111 474 2177 καὶ
490 2116 678 2190 κατοικίσας
694 2108 780 2178 ὅθεν
798 2107 875 2178 οὐδ’
892 2105 935 2177 άν
953 2104 1000 2190 εἷς
1017 2114 1065 2177 ἔτι

68 2235 108 2294 με
129 2207 320 2296 ναύκληρος
340 2207 384 2295 μὴ
414 2207 466 2277 ότι
488 2210 679 2288 κωλύοντος
704 2207 842 2294 ἐξήγαγε
864 2212 1064 2293 Διονυσίου,

71 2304 145 2375 ἀλλ’
160 2305 236 2374 οὐδ’
251 2313 282 2376 εί
290 2306 335 2394 μὴ
348 2309 489 2396 πέμπων
500 2305 601 2388 αύτός
617 2306 678 2375 τόν
694 2305 876 2376 κελεύοντα
893 2309 1065 2393 ἐξαγαγεῖν

69 2406 274 2492 ἐπέστελλεν,
285 2403 359 2473 οὔτ’
373 2403 416 2474 άν
428 2412 572 2496 ἔμπορος
584 2405 663 2475 ούτε
673 2413 742 2475 τῶν
753 2409 790 2474 ἐν
807 2418 877 2486 ταῖς
887 2411 946 2493 τῆς
956 2405 1065 2493 χώρας

70 2501 198 2584 ἐξόδοις
214 2499 385 2588 ἀρχόντων
401 2505 478 2574 οὐδ’
495 2504 539 2574 ἂν
556 2500 603 2586 εἷς
620 2508 768 2593 περιεῖδί
781 2531 821 2592 με
839 2504 946 2592 μόνον
964 2507 1066 2573 ἐκπο-

71 2602 267 2690 ρευόμενον,
290 2596 327 2680 δς
348 2600 411 2672 ούκ
428 2601 471 2672 άν
487 2604 665 2692 συλλαβύν
684 2602 811 2684 εύθέως
829 2601 919 2690 παρὰ
935 2605 1067 2671 Διονύ-

72 2720 146 2768 σιον
163 2699 266 2767 πάλιν
288 2696 469 2788 ἀπήγαγεν,
492 2701 600 2782 ἄλλως
613 2729 649 2771 τε
665 2705 721 2771 καὶ
743 2705 985 2789 διηγγελμένον
1001 2700 1065 2786 ἤδη

72 2798 150 2866 ποτὲ
161 2795 362 2866 τούναντίον
373 2791 394 2883 ἢ
404 2796 619 2883 τδπρότερον
629 2802 742 2886 πάλιν,
754 2798 1068 2877 ὡς’ΠλάτωναΔιο-
1082 2811 1135 2868 330

71 2894 187 2975 νύσιος
198 2901 402 2982 θαυμαστοῖς
420 2891 466 2974 ύς
482 2892 668 2975 ἀσπάζεται.
690 2894 728 2962 τό
740 2892 773 2963 δ’
789 2892 854 2979 εἶχε
865 2892 907 2980 δὴ
919 2901 1006 2976 πύς;
1028 2894 1065 2963 τό

72 2993 135 3079 γάρ
157 2990 281 3080 άληδές
303 2998 357 3061 δεῖ
375 2992 524 3080 φράζειν.
547 2989 708 3078 ἠσπάζετο
731 2994 793 3077 μὲν
815 2988 866 3060 άεί
888 2993 1067 3080 προϊόντος

72 3097 133 3158 τού
143 3091 269 3178 χρόνου
281 3099 408 3178 μᾶλλον
425 3090 509 3173 κατὰ
526 3090 589 3178 τὴν
607 3097 669 3159 τού
689 3091 817 3179 τρόπου
834 3117 870 3160 τε
886 3093 942 3160 καὶ
957 3091 1066 3178 ἤθους

71 3192 266 3277 συνουσίαν,
283 3191 405 3259 ἑαυτὸν
421 3192 459 3260 δέ
480 3195 630 3261 ἐπαινεῖν
647 3197 774 3279 μᾶλλον
792 3187 814 3279 ἢ
831 3196 948 3261 Δίωνα
966 3189 1067 3279 ἐβούς

71 3287 147 3356 λετό
157 3313 198 3374 με
209 3291 264 3356 καὶ
275 3296 376 3377 φίλον
387 3288 542 3377 ἡγεῖσθαι
559 3291 791 3380 διαφερόντως
802 3298 931 3379 μᾶλλον
948 3285 1066 3377 δ’κεῖ-

71 3412 145 3473 νον,
157 3389 212 3454 καὶ
222 3397 424 3478 θαυμαστῶς
436 3394 636 3479 ἐφιλονείκει
647 3389 782 3484 πρδςτὸ
800 3397 977 3461 τοιούτου
999 3383 1068 3472 ηδ’
