2408 3764
66 186 93 270 ι’
116 222 117 226 ¹
367 210 704 278 ιιιΣΑΓιειἮ
1009 210 1071 275 149

152 379 201 433 IV
221 364 301 434 Ἐπεί
329 360 384 434 666
410 367 654 471 τεθεωρήκαμεν
662 366 717 451 666
738 365 888 476 διαφορὰν
914 366 1013 436 66666
1035 369 1074 449 δις

65 457 183 557 πέφυκε
203 458 360 556 γίγνεσθαι
375 455 426 516 καί
439 447 508 527 τοδς
522 457 722 537 χαρακτῆρας,
746 455 793 517 ίιιί
807 452 919 530 τούτοις
919 458 1070 560 λέγωμεν,

67 534 127 603 ιἰπο
118 533 238 603 ποίων
260 535 423 638 διαλόγων
428 540 477 600 δεῖ
488 530 670 638 ἀρχομένους
690 536 920 640 ἐντυγχάνειν
891 564 932 641 96
919 539 1071 605 Πλάτω-

65 646 117 697 νος
132 619 219 723 λόγῳ.
236 615 423 711 διάφοροι
388 646 446 704 γαρ
461 618 554 722 δόξαι
558 616 727 723 γεγδνφσιν·
744 624 776 683 οί
786 615 869 702 μὲν’
852 617 910 685 απδ
924 630 983 687 τῶν
990 617 1071 687 Ἐπι-

67 702 214 770 στολοδν”
193 730 342 807 αρχονται,
358 708 389 768 οί
406 697 470 766 δὲ’
453 698 512 767 666
526 710 578 767 τοῦ
596 701 741 804 Θεάγους·
764 706 819 805 είσδ
839 707 921 768 δὲ
890 730 918 768 οι
939 702 1013 769 6666
1028 732 1071 770 τε

66 794 226 873 τραλογίαν
247 785 390 862 διελόντες
411 781 521 889 αδιοδς
535 789 587 850 καλ
600 786 736 850 τάττουσι
752 785 873 871 πράτην
885 795 1072 896 τετραλογίαν

65 867 300 976 περιέχουσαν
272 897 324 936 τον
341 865 531 973 Εὐθύφρονα
546 865 641 935 καλ
602 897 665 975 την
676 865 851 973 Ἀπολογίαν
866 897 916 934 και
935 867 985 936 τὸν
999 880 1071 956 Κρί-

65 981 145 1021 τωνα
154 951 244 1019 καί
215 981 268 1020 τον
276 958 434 1018 Φαίδωνα·
450 950 502 1017 τὸν
513 945 614 1054 μὲν
577 979 633 1017 ουν
614 948 838 1057 Ενθυφρονα
847 955 908 1017 ἐπεὶ
919 957 970 1018 καί
982 958 1070 1041 ἐπαγ-

65 1042 197 1143 γέλλεται
216 1046 258 1122 τηδ
279 1035 460 1144 26669669
453 1031 541 1100 ἐν’
505 1044 586 1141 αυτρδ
605 1033 626 1119 6
648 1041 732 1118 δίκη,
759 1034 814 1138 666
835 1039 866 1102 δὲ
886 1031 1068 1140 Ἀπολογίαν,

65 1117 197 1227 ἐπειδη
179 1147 430 1208 αναγκαιοναυτω
417 1099 739 1223 απολογησασθαι
717 1116 1070 1224 πλτοδτοιςτδνΚρίιωνα

65 1202 120 1273 δεδι
139 1232 195 1288 την
214 1208 247 1309 ἔγ
264 1213 305 1293 66
317 1185 511 1354 έδεσμάτηρίγ)Ι
535 1202 703 1307 διατριβην,
726 1201 871 1269 ἔπειτα
843 1231 895 1270 τον
919 1211 1068 1282 Φαίδωνα,

66 1293 130 1355 ἐπεί
149 1292 182 1354 ἐν
200 1284 281 1376 αδιηδ
285 1269 379 1365 τέλος
398 1295 451 1352 τοῦ
472 1293 540 1371 βίου
561 1284 737 1391 λαμβάνει“
725 1314 742 1353 ο
762 1286 932 1373 Σωκράτης.
964 1287 1069 1370 ταύτης

65 1382 134 1456 τῆς
140 1372 225 1475 δόξης
245 1354 300 1438 είσλ
323 1380 456 1457 Δερκυλλ
457 1376 522 1475 ίδης
543 1373 594 1436 καί
616 1370 799 1476 Θράσυλλος,
828 1377 949 1436 δοκοῦσι
969 1375 1002 1437 δέ
1020 1398 1069 1452 μοι

64 1454 232 1562 προσώποις
247 1459 299 1520 καί
311 1460 385 1539 βίων
387 1453 611 1561 περιστάσεσιν
614 1449 794 1560 ἠθεληκέναι
808 1453 891 1534 τάξιν
907 1459 1066 1522 ἐπιθεῖναι

65 1567 82 1607 ο
74 1539 214 1605 ’ἔστι
181 1567 236 1644 μεγ
250 1545 320 1616 ἴσως
340 1537 483 1643 χρήσιμον
497 1535 577 1649 πρὸς
591 1538 661 1606 άλλο
676 1567 718 1616 τι,
741 1534 776 1604 οδ
791 1536 852 1622 μὴν
865 1536 938 1624 πρὸς
958 1536 1069 1621 δὴμεῐς

21 1695 33 1711 ,
64 1632 123 1689 νῦν
134 1622 312 1726 βουλόμεθα,
329 1622 498 1729 βουλόμεθα
514 1617 577 1688 δὲ’
559 1621 655 1734 ριρχίχν
665 1651 716 1688 και
706 1627 863 1724 διάταξιν
879 1628 1069 1727 διδασκαλίας
1188 1633 1191 1642 '

64 1715 118 1790 τῆς
133 1703 209 1771 κατδι
230 1704 387 1814 σοφίαν
359 1717 462 1817 ευρεῖν.
491 1735 589 1815 φαμεν
603 1704 658 1773 οὖν
678 1705 839 1782 Πλάτωνος
858 1705 947 1810 λόγρυ
968 1735 1008 1789 μη
997 1704 1068 1771 εί-

66 1819 116 1897 χαι
136 1796 207 1874 μίαν
226 1789 317 1857 καί
298 1794 463 1896 ωρισμέυην
490 1789 598 1897 άρχήγ
627 1786 804 1857 ἐοικέναι
757 1817 829 1893 γαρ
850 1785 940 1855 66666
961 1794 1069 1855 τέλειον

67 1873 136 1940 δνια
151 1880 249 1979 τελείῳ
265 1874 412 1978 σχήμριι
404 1873 531 1941 κύκλου
548 1877 642 2024 6996
658 1877 713 1940 οὖν
727 1872 838 1939 κύκλον
852 1880 906 1956 μία
925 1877 976 1938 καὶ
999 1869 1067 1959 ὡρι-

67 1962 156 2042 σμίνη
172 1957 228 2024 οὐκ
230 1941 353 2024 ἔστιν’
314 1956 421 2063 αρχη,
439 1956 530 2036 οὕτως
545 1954 615 2064 9666
628 1986 680 2024 του
668 1956 792 2069 λόγογ.

150 2054 187 2106 V
219 2037 265 2108 06
286 2036 347 2144 μὴν
367 2041 417 2105 διδ
437 2050 522 2107 ιοδτο
543 2039 679 2108 ὁπωσοῦν
699 2039 738 2119 (ὃς
757 2045 855 2149 εἰρχεν
875 2041 1068 2123 ἐντευξόμεθα

36 2181 44 2194 ,
66 2121 162 2191 αιἰτιδ·
186 2120 305 2229 6666
271 2152 329 2225 γαρ
349 2128 375 2189 εί
388 2110 450 2189 662
464 2126 575 2230 κδκλρν
588 2127 729 2232 γράφειν,
745 2121 804 2231 (ἔφ’
822 2123 996 2231 9696696966
1016 2146 1066 2206 ση

65 2192 149 2292 μείου
160 2204 325 2314 άρχόμενός
338 2235 381 2284 τις
396 2206 568 2314 γράφειιδν
588 2212 714 2277 κύκλον
736 2205 796 2274 ἄλλ’
802 2205 872 2312 ἀφ’
894 2201 929 2292 ἧς
946 2205 985 2271 66
1000 2211 1066 2272 ε’-κα

49 2315 133 2399 “6⁹
153 2289 239 2395 ἡμῶν
257 2295 376 2375 σχέσεως
395 2297 446 2381 ἔχη
467 2290 540 2404 ιρρδς
559 2292 612 2361 666
632 2295 720 2378 λόγον
739 2289 896 2377 άρχόμενος
907 2290 1067 2404 ἐντεύξετρι

63 2385 128 2480 τρῖς
144 2373 301 2480 διαλόγοις.
332 2396 365 2484 96
367 2379 439 2454 ίσεις
460 2379 492 2482 δὲ
510 2384 627 2457 πλείους
651 2383 702 2445 καί
707 2381 865 2483 διάφοροί
889 2381 962 2480 είσιρ
981 2373 1067 2459 ἡμῶν

64 2456 151 2565 πρὸς
155 2454 207 2524 τδν
219 2457 347 2565 λόγρν.’
330 2488 351 2564 η
367 2461 473 2567 μὲν
434 2489 492 2547 γαρ
509 2467 569 2528 ἐστι
582 2460 657 2529 καιδι
672 2461 772 2576 φύσιν,
790 2459 896 2528 οίον’
866 2457 978 2544 ενφνὴς
988 2461 1068 2564 άφν

64 2544 115 2628 ης
135 2539 203 2626 666
217 2541 292 2609 κατὰ
305 2541 362 2626 τὴν
377 2542 509 2648 ἡλιιρίαν,
530 2544 633 2612 οίον’
610 2576 690 2633 ωραν
706 2552 779 2630 ἔχων
794 2574 845 2611 του
832 2540 1068 2648 φιλοσρφεινῆ

65 2629 257 2712 παρηβηκώς·
280 2624 352 2733 ἡδὲ
374 2625 449 2730 6669
458 2635 651 2774 ἓπροαίρεσιν,
674 2630 738 2696 οἷον
759 2626 969 2732 φιλοσοφίριςίγ
990 2633 1066 2690 6666-

67 2723 131 2796 ρίας
149 2715 251 2817 ἓνεκρι·
263 2707 347 2815 ἡδὲ
363 2707 438 2774 6666
458 2713 526 2788 ἕξιν,
549 2713 613 2779 οἷον
626 2740 649 2779 π
650 2709 914 2814 ροιετελεσμίνρς“
893 2740 913 2793 η
928 2706 1065 2789 ιἰμαθης

65 2798 144 2902 ἡδὲ
150 2792 227 2900 6966
240 2791 295 2876 666
309 2789 397 2873 δλην,
420 2789 512 2858 οἷονέ
497 2743 667 2904 ἐγασχολιδν
676 2790 1065 2898 φιλρσοφίηιηπεριελκόμε

66 2905 116 2957 νος
130 2877 188 2945 666
200 2887 263 2983 γῶν
257 2875 480 2982 66666666669.
505 2873 522 2941 6
537 2882 591 2960 μὲν
605 2881 660 2944 οὐν
674 2875 750 2943 6666
763 2876 855 2959 φάσιν
871 2879 903 2940 εδ
918 2874 1064 2977 πεφυκώς,

66 2967 117 3068 κριί
137 2959 214 3030 κατά
233 2957 288 3045 666
308 2958 470 3045 ἡλικίαν”
447 2987 528 3065 ωραν
549 2965 623 3065 ἔχων
643 2989 694 3026 666
681 2968 899 3066 φιλοσοφεῖν,
925 2963 976 3024 καί
992 2955 1066 3023 6666

65 3044 121 3130 666
141 3052 316 3156 προγίρρσιν
331 3048 417 3110 ἕνεκα
435 3053 487 3109 ιοδ
508 3041 615 3131 άρετὴν
636 3041 765 3130 δισκῆσαι
778 3038 952 3148 προσιδεν
923 3070 963 3153 ιιρ
951 3040 1064 3146 λόγῳ,

66 3134 118 3196 καί
133 3127 208 3196 6666
213 3127 279 3236 669
294 3133 355 3208 εξιν
376 3133 647 3236 προτετελεσμένρς
642 3140 703 3208 τοῖς
716 3126 894 3236 μαθήμασι,
915 3130 966 3192 καὶ
973 3120 1065 3231 άφει-

66 3210 183 3320 μίγος’
167 3212 225 3280 απὸ
238 3223 307 3319 9636
314 3222 473 3281 πολιτικῶν
490 3216 695 3327 περιστάσεων,
712 3213 830 3323 άρξεται
841 3207 898 3276 6666
913 3237 964 3276 ιον
952 3205 1065 3274 Ἀλκι-

66 3297 174 3403 βράδου
194 3294 267 3382 πρὸς
279 3294 312 3364 66
325 3306 473 3382 τραπῆναι
487 3327 537 3364 και
528 3303 768 3406 366966666696
782 3299 832 3362 καί
845 3305 959 3400 γνῶναι
973 3321 1007 3359 ου
995 3285 1070 3358 δεῖ

66 3379 121 3466 666
133 3385 296 3471 ἐπιμέλειαν
305 3391 465 3447 ποιεῖσθαι.
487 3379 613 3448 *είθ’*’
590 3407 685 3471 ωσπερ
696 3378 770 3467 πρὸς
779 3379 966 3466 παράδειγμα
975 3373 1065 3447 καλὸν
