<?xml version="1.0" encoding="UTF-8"?>
<!DOCTYPE html PUBLIC "-//W3C//DTD XHTML 1.0 Transitional//EN"
    "http://www.w3.org/TR/xhtml1/DTD/xhtml1-transitional.dtd">
<html xmlns="http://www.w3.org/1999/xhtml" xml:lang="en" lang="en">
 <head>
  <title>
</title>
<meta http-equiv="Content-Type" content="text/html;charset=utf-8" />
  <meta name='ocr-system' content='tesseract 3.04.00' />
  <meta name='ocr-capabilities' content='ocr_page ocr_carea ocr_par ocr_line ocrx_word'/>
</head>
<body>
  <div class='ocr_page' id='page_1' title='image "./dialogisecundum04platgoog_0402.png"; bbox 0 0 2408 3764; ppageno 0'>
   <div class='ocr_carea' id='block_1_1' title="bbox 68 202 1070 270">
    <p class='ocr_par' dir='ltr' id='par_1_1' title="bbox 68 202 1070 270">
     <span class='ocr_line' id='line_1_1' title="bbox 68 202 1070 270; baseline -0.002 0"><span class='ocrx_word' id='word_1_1' title='bbox 68 210 123 270; x_wconf 71' lang='lat' dir='ltr'><strong><em>1oe</em></strong></span> <span class='ocrx_word' id='word_1_2' title='bbox 348 204 436 264; x_wconf 80' lang='grc' dir='ltr'><strong><em>ΕΙΣ</em></strong></span> <span class='ocrx_word' id='word_1_3' title='bbox 455 204 554 265; x_wconf 87' lang='lat' dir='ltr'><strong><em>TON</em></strong></span> <span class='ocrx_word' id='word_1_4' title='bbox 571 206 795 266; x_wconf 88' lang='grc' dir='ltr'><strong><em>ΓΟΡΓΙΑΝ.</em></strong></span> <span class='ocrx_word' id='word_1_5' title='bbox 1008 202 1070 269; x_wconf 73' lang='lat'><strong><em>³18</em></strong></span> 
     </span>
    </p>
   </div>
   <div class='ocr_carea' id='block_1_2' title="bbox 68 358 1071 1054">
    <p class='ocr_par' dir='ltr' id='par_1_2' title="bbox 69 358 1070 531">
     <span class='ocr_line' id='line_1_2' title="bbox 69 358 1070 453; baseline 0.003 -22"><span class='ocrx_word' id='word_1_6' title='bbox 69 371 146 450; x_wconf 80' lang='grc' dir='ltr'><strong><em>μίου,</em></strong></span> <span class='ocrx_word' id='word_1_7' title='bbox 160 361 192 431; x_wconf 82' lang='grc' dir='ltr'><strong><em>τὸ</em></strong></span> <span class='ocrx_word' id='word_1_8' title='bbox 206 360 260 443; x_wconf 73' lang='grc' dir='ltr'><strong><em>τὰς</em></strong></span> <span class='ocrx_word' id='word_1_9' title='bbox 266 361 459 441; x_wconf 84' lang='grc' dir='ltr'><strong><em>σπουδδις”</em></strong></span> <span class='ocrx_word' id='word_1_10' title='bbox 419 390 478 428; x_wconf 88' lang='grc' dir='ltr'><strong><em>τοον</em></strong></span> <span class='ocrx_word' id='word_1_11' title='bbox 494 358 654 430; x_wconf 71' lang='grc' dir='ltr'><strong><em>ἀντιδίκοιν</em></strong></span> <span class='ocrx_word' id='word_1_12' title='bbox 666 366 768 447; x_wconf 74' lang='grc' dir='ltr'><strong><em>μίλακι</em></strong></span> <span class='ocrx_word' id='word_1_13' title='bbox 783 364 959 450; x_wconf 70' lang='grc' dir='ltr'><strong><em>ἐκλύειν,</em></strong></span> <span class='ocrx_word' id='word_1_14' title='bbox 927 393 963 431; x_wconf 91' lang='grc' dir='ltr'><strong><em>τα</em></strong></span> <span class='ocrx_word' id='word_1_15' title='bbox 977 369 1009 433; x_wconf 73' lang='grc' dir='ltr'><strong><em>δὲ</em></strong></span> <span class='ocrx_word' id='word_1_16' title='bbox 1023 394 1070 453; x_wconf 82' lang='grc' dir='ltr'><strong><em>γε·</em></strong></span> 
     </span>
     <span class='ocr_line' id='line_1_3' title="bbox 69 445 608 551; baseline -0.006 -36"><span class='ocrx_word' id='word_1_17' title='bbox 69 459 136 515; x_wconf 85' lang='grc' dir='ltr'><strong><em>λοῖα</em></strong></span> <span class='ocrx_word' id='word_1_18' title='bbox 149 458 213 526; x_wconf 84' lang='grc' dir='ltr'><strong><em>ταῖς</em></strong></span> <span class='ocrx_word' id='word_1_19' title='bbox 227 452 371 524; x_wconf 81' lang='grc' dir='ltr'><strong><em>σπουδαῖς</em></strong></span> <span class='ocrx_word' id='word_1_20' title='bbox 392 445 551 551; x_wconf 86' lang='grc' dir='ltr'><strong><em>ίιικρούειν.</em></strong></span> <span class='ocrx_word' id='word_1_21' title='bbox 574 457 608 512; x_wconf 88' lang='grc' dir='ltr'><strong><em>Β.</em></strong></span> 
     </span>
    </p>

    <p class='ocr_par' dir='ltr' id='par_1_3' title="bbox 68 520 1068 786">
     <span class='ocr_line' id='line_1_4' title="bbox 153 520 1068 679; baseline 0.002 -81"><span class='ocrx_word' id='word_1_22' title='bbox 153 542 186 598; x_wconf 83' lang='grc' dir='ltr'>Ε</span> <span class='ocrx_word' id='word_1_23' title='bbox 208 529 360 637; x_wconf 75' lang='grc' dir='ltr'><strong><em>βουλεύειν</em></strong></span> <span class='ocrx_word' id='word_1_24' title='bbox 373 526 481 614; x_wconf 80' lang='grc' dir='ltr'><strong><em>λαχον]</em></strong></span> <span class='ocrx_word' id='word_1_25' title='bbox 496 529 685 635; x_wconf 74' lang='grc' dir='ltr'><strong><em>κληρρπολ</em></strong></span> <span class='ocrx_word' id='word_1_26' title='bbox 649 557 715 679; x_wconf 58' lang='grc' dir='ltr'><strong><em>μαὲρ</em></strong></span> <span class='ocrx_word' id='word_1_27' title='bbox 718 520 796 614; x_wconf 76' lang='grc' dir='ltr'><strong><em>ἦσαν</em></strong></span> <span class='ocrx_word' id='word_1_28' title='bbox 806 536 837 596; x_wconf 80' lang='grc' dir='ltr'><strong><em>οἱ</em></strong></span> <span class='ocrx_word' id='word_1_29' title='bbox 843 531 1036 640; x_wconf 76' lang='grc' dir='ltr'><strong><em>βουλεμταί,’</em></strong></span> <span class='ocrx_word' id='word_1_30' title='bbox 1018 532 1068 618; x_wconf 87' lang='grc' dir='ltr'><strong><em>αφ’</em></strong></span> 
     </span>
     <span class='ocr_line' id='line_1_5' title="bbox 69 610 1068 722; baseline 0.002 -39"><span class='ocrx_word' id='word_1_31' title='bbox 69 614 193 700; x_wconf 76' lang='grc' dir='ltr'><strong><em>ἑκάστης</em></strong></span> <span class='ocrx_word' id='word_1_32' title='bbox 206 623 266 680; x_wconf 78' lang='grc' dir='ltr'><strong><em>τῶν</em></strong></span> <span class='ocrx_word' id='word_1_33' title='bbox 280 616 352 680; x_wconf 77' lang='grc' dir='ltr'><strong><em>δέκα</em></strong></span> <span class='ocrx_word' id='word_1_34' title='bbox 361 622 475 722; x_wconf 76' lang='grc' dir='ltr'><strong><em>φυλῶν</em></strong></span> <span class='ocrx_word' id='word_1_35' title='bbox 479 610 586 692; x_wconf 79' lang='grc' dir='ltr'><strong><em>είς</em></strong></span> <span class='ocrx_word' id='word_1_36' title='bbox 532 639 606 700; x_wconf 82' lang='grc' dir='ltr'><strong><em>προς</em></strong></span> <span class='ocrx_word' id='word_1_37' title='bbox 600 617 697 680; x_wconf 67' lang='grc' dir='ltr'><strong><em>’ἕδνα</em></strong></span> <span class='ocrx_word' id='word_1_38' title='bbox 697 615 828 697; x_wconf 85' lang='grc' dir='ltr'><strong><em>νιαοτύν,</em></strong></span> <span class='ocrx_word' id='word_1_39' title='bbox 839 613 929 681; x_wconf 82' lang='grc' dir='ltr'><strong><em>καθ’</em></strong></span> <span class='ocrx_word' id='word_1_40' title='bbox 920 645 936 684; x_wconf 97' lang='grc' dir='ltr'><strong><em>ο</em></strong></span> <span class='ocrx_word' id='word_1_41' title='bbox 930 616 999 684; x_wconf 85' lang='grc' dir='ltr'><strong><em>καί</em></strong></span> <span class='ocrx_word' id='word_1_42' title='bbox 1010 621 1068 687; x_wconf 73' lang='grc' dir='ltr'><strong><em>ἐλέ-</em></strong></span> 
     </span>
     <span class='ocr_line' id='line_1_6' title="bbox 68 694 538 786; baseline -0.009 -20"><span class='ocrx_word' id='word_1_43' title='bbox 68 726 132 786; x_wconf 79' lang='grc' dir='ltr'><strong><em>γετο</em></strong></span> <span class='ocrx_word' id='word_1_44' title='bbox 149 696 343 784; x_wconf 84' lang='grc' dir='ltr'><strong><em>πρυτανεύειν</em></strong></span> <span class='ocrx_word' id='word_1_45' title='bbox 358 726 379 782; x_wconf 88' lang='grc' dir='ltr'><strong><em>η</em></strong></span> <span class='ocrx_word' id='word_1_46' title='bbox 394 694 483 780; x_wconf 76' lang='grc' dir='ltr'><strong><em>φυλή.</em></strong></span> <span class='ocrx_word' id='word_1_47' title='bbox 504 707 538 762; x_wconf 84' lang='grc' dir='ltr'><strong><em>Β.</em></strong></span> 
     </span>
    </p>

    <p class='ocr_par' dir='ltr' id='par_1_4' title="bbox 68 778 1071 1037">
     <span class='ocr_line' id='line_1_7' title="bbox 153 778 1071 888; baseline 0.003 -41"><span class='ocrx_word' id='word_1_48' title='bbox 153 794 184 848; x_wconf 86' lang='grc' dir='ltr'><strong><em>Ε.</em></strong></span> <span class='ocrx_word' id='word_1_49' title='bbox 206 786 397 888; x_wconf 72' lang='grc' dir='ltr'><strong><em>ἐπιψηφίζειν</em></strong></span> <span class='ocrx_word' id='word_1_50' title='bbox 415 778 521 846; x_wconf 82' lang='grc' dir='ltr'><strong><em>ἒοτί</em></strong></span> <span class='ocrx_word' id='word_1_51' title='bbox 491 807 525 847; x_wconf 90' lang='grc' dir='ltr'><strong><em>το</em></strong></span> <span class='ocrx_word' id='word_1_52' title='bbox 545 779 625 859; x_wconf 84' lang='grc' dir='ltr'><strong><em>ιινδς</em></strong></span> <span class='ocrx_word' id='word_1_53' title='bbox 643 779 881 886; x_wconf 61' lang='grc' dir='ltr'><strong><em>πρυτανευούσης</em></strong></span> <span class='ocrx_word' id='word_1_54' title='bbox 902 794 998 871; x_wconf 64' lang='grc' dir='ltr'><strong><em>φυλῆς</em></strong></span> <span class='ocrx_word' id='word_1_55' title='bbox 1017 791 1071 854; x_wconf 67' lang='grc' dir='ltr'><strong><em>ἕνα</em></strong></span> 
     </span>
     <span class='ocr_line' id='line_1_8' title="bbox 69 859 1071 978; baseline 0.005 -46"><span class='ocrx_word' id='word_1_56' title='bbox 69 863 306 951; x_wconf 89' lang='grc' dir='ltr'><strong><em>κληρούμενον’</em></strong></span> <span class='ocrx_word' id='word_1_57' title='bbox 287 860 337 929; x_wconf 90' lang='grc' dir='ltr'><strong><em>απ’</em></strong></span> <span class='ocrx_word' id='word_1_58' title='bbox 360 859 451 948; x_wconf 83' lang='grc' dir='ltr'><strong><em>αι’πῆς</em></strong></span> <span class='ocrx_word' id='word_1_59' title='bbox 469 860 521 943; x_wconf 79' lang='grc' dir='ltr'><strong><em>τὰς</em></strong></span> <span class='ocrx_word' id='word_1_60' title='bbox 539 867 663 948; x_wconf 81' lang='grc' dir='ltr'><strong><em>ψήφους</em></strong></span> <span class='ocrx_word' id='word_1_61' title='bbox 684 859 851 931; x_wconf 79' lang='grc' dir='ltr'><strong><em>ἑκασταν’</em></strong></span> <span class='ocrx_word' id='word_1_62' title='bbox 833 890 896 931; x_wconf 87' lang='grc' dir='ltr'><strong><em>απα</em></strong></span> <span class='ocrx_word' id='word_1_63' title='bbox 914 877 1071 978; x_wconf 85' lang='grc' dir='ltr'><strong><em>ιθμεισθοι</em></strong></span> 
     </span>
     <span class='ocr_line' id='line_1_9' title="bbox 68 895 1070 1054; baseline 0.002 -38"><span class='ocrx_word' id='word_1_64' title='bbox 68 959 127 1016; x_wconf 82' lang='grc' dir='ltr'><strong><em>τῶν</em></strong></span> <span class='ocrx_word' id='word_1_65' title='bbox 140 975 170 1014; x_wconf 88' lang='grc' dir='ltr'><strong><em>τε</em></strong></span> <span class='ocrx_word' id='word_1_66' title='bbox 164 950 346 1053; x_wconf 77' lang='grc' dir='ltr'><strong><em>τιθεμένων</em></strong></span> <span class='ocrx_word' id='word_1_67' title='bbox 360 954 424 1015; x_wconf 87' lang='grc' dir='ltr'><strong><em>δεῖν</em></strong></span> <span class='ocrx_word' id='word_1_68' title='bbox 432 951 577 1054; x_wconf 76' lang='grc' dir='ltr'><strong><em>γενέσθαι</em></strong></span> <span class='ocrx_word' id='word_1_69' title='bbox 588 952 667 1051; x_wconf 58' lang='grc' dir='ltr'><strong><em>περί</em></strong></span> <span class='ocrx_word' id='word_1_70' title='bbox 669 939 706 1014; x_wconf 81' lang='grc' dir='ltr'><strong><em>ού</em></strong></span> <span class='ocrx_word' id='word_1_71' title='bbox 716 977 736 1033; x_wconf 89' lang='grc' dir='ltr'><strong><em>η</em></strong></span> <span class='ocrx_word' id='word_1_72' title='bbox 724 945 853 1053; x_wconf 72' lang='grc' dir='ltr'><strong><em>’σκέψις</em></strong></span> <span class='ocrx_word' id='word_1_73' title='bbox 863 895 964 1015; x_wconf 67' lang='grc' dir='ltr'><strong><em>καί</em></strong></span> <span class='ocrx_word' id='word_1_74' title='bbox 924 959 983 1018; x_wconf 78' lang='grc' dir='ltr'><strong><em>τῶν</em></strong></span> <span class='ocrx_word' id='word_1_75' title='bbox 993 952 1070 1018; x_wconf 81' lang='grc' dir='ltr'><strong><em>ολπα-</em></strong></span> 
     </span>
    </p>
   </div>
   <div class='ocr_carea' id='block_1_3' title="bbox 66 1028 1070 1140">
    <p class='ocr_par' dir='ltr' id='par_1_5' title="bbox 66 1028 1070 1140">
     <span class='ocr_line' id='line_1_10' title="bbox 66 1028 1070 1140; baseline 0.002 -41"><span class='ocrx_word' id='word_1_76' title='bbox 66 1030 269 1137; x_wconf 78' lang='grc' dir='ltr'><strong><em>φορευύντοιν,</em></strong></span> <span class='ocrx_word' id='word_1_77' title='bbox 286 1035 338 1098; x_wconf 78' lang='grc' dir='ltr'><strong><em>καί</em></strong></span> <span class='ocrx_word' id='word_1_78' title='bbox 351 1032 443 1099; x_wconf 75' lang='grc' dir='ltr'><strong><em>ἔτι</em></strong></span> <span class='ocrx_word' id='word_1_79' title='bbox 410 1057 463 1109; x_wconf 88' lang='grc' dir='ltr'><strong><em>τας</em></strong></span> <span class='ocrx_word' id='word_1_80' title='bbox 476 1040 536 1098; x_wconf 85' lang='grc' dir='ltr'><strong><em>τῶν</em></strong></span> <span class='ocrx_word' id='word_1_81' title='bbox 533 1028 746 1137; x_wconf 79' lang='grc' dir='ltr'><strong><em>ἆμφιβύλλειν</em></strong></span> <span class='ocrx_word' id='word_1_82' title='bbox 762 1031 927 1140; x_wconf 37' lang='grc' dir='ltr'><strong><em>λεγόντοονζ</em></strong></span> <span class='ocrx_word' id='word_1_83' title='bbox 941 1031 1070 1140; x_wconf 73' lang='grc' dir='ltr'><strong><em>ἆποφαί-</em></strong></span> 
     </span>
    </p>
   </div>
   <div class='ocr_carea' id='block_1_4' title="bbox 58 1111 1106 3466">
    <p class='ocr_par' dir='ltr' id='par_1_6' title="bbox 65 1111 1071 1703">
     <span class='ocr_line' id='line_1_11' title="bbox 67 1111 1071 1223; baseline 0.001 -40"><span class='ocrx_word' id='word_1_84' title='bbox 67 1143 131 1183; x_wconf 88' lang='grc' dir='ltr'><strong><em>νειν</em></strong></span> <span class='ocrx_word' id='word_1_85' title='bbox 144 1142 174 1181; x_wconf 86' lang='grc' dir='ltr'><strong><em>τε</em></strong></span> <span class='ocrx_word' id='word_1_86' title='bbox 187 1112 269 1194; x_wconf 86' lang='grc' dir='ltr'><strong><em>είς</em></strong></span> <span class='ocrx_word' id='word_1_87' title='bbox 241 1142 273 1181; x_wconf 91' lang='grc' dir='ltr'><strong><em>το</em></strong></span> <span class='ocrx_word' id='word_1_88' title='bbox 290 1111 418 1182; x_wconf 84' lang='grc' dir='ltr'><strong><em>κοινδντ</em></strong></span> <span class='ocrx_word' id='word_1_89' title='bbox 417 1120 477 1193; x_wconf 87' lang='grc' dir='ltr'><strong><em>ίνες</em></strong></span> <span class='ocrx_word' id='word_1_90' title='bbox 489 1115 602 1183; x_wconf 80' lang='grc' dir='ltr'><strong><em>τούτων</em></strong></span> <span class='ocrx_word' id='word_1_91' title='bbox 615 1145 635 1182; x_wconf 92' lang='grc' dir='ltr'><strong><em>α</em></strong></span> <span class='ocrx_word' id='word_1_92' title='bbox 635 1122 766 1203; x_wconf 80' lang='grc' dir='ltr'><strong><em>ίψῆφοι,</em></strong></span> <span class='ocrx_word' id='word_1_93' title='bbox 779 1121 926 1223; x_wconf 80' lang='grc' dir='ltr'><strong><em>πλείομςη</em></strong></span> <span class='ocrx_word' id='word_1_94' title='bbox 938 1119 1071 1199; x_wconf 75' lang='grc' dir='ltr'><strong><em>ἐλάττους</em></strong></span> 
     </span>
     <span class='ocr_line' id='line_1_12' title="bbox 67 1191 1070 1311; baseline 0.005 -47"><span class='ocrx_word' id='word_1_95' title='bbox 67 1230 87 1285; x_wconf 86' lang='grc' dir='ltr'><strong><em>η</em></strong></span> <span class='ocrx_word' id='word_1_96' title='bbox 73 1197 219 1311; x_wconf 74' lang='grc' dir='ltr'><strong><em>”μεταξύ,</em></strong></span> <span class='ocrx_word' id='word_1_97' title='bbox 235 1191 307 1308; x_wconf 50' lang='lat' dir='ltr'><strong><em>{f</em></strong></span> <span class='ocrx_word' id='word_1_98' title='bbox 280 1227 324 1266; x_wconf 86' lang='grc' dir='ltr'><strong><em>ων</em></strong></span> <span class='ocrx_word' id='word_1_99' title='bbox 336 1224 369 1265; x_wconf 94' lang='grc' dir='ltr'><strong><em>το</em></strong></span> <span class='ocrx_word' id='word_1_100' title='bbox 356 1195 567 1286; x_wconf 40' lang='grc' dir='ltr'><strong><em>Μ’πρακτίον</em></strong></span> <span class='ocrx_word' id='word_1_101' title='bbox 545 1227 565 1284; x_wconf 83' lang='grc' dir='ltr'><strong><em>η</em></strong></span> <span class='ocrx_word' id='word_1_102' title='bbox 575 1228 628 1305; x_wconf 76' lang='grc' dir='ltr'><strong><em>μηι</em></strong></span> <span class='ocrx_word' id='word_1_103' title='bbox 608 1197 798 1284; x_wconf 81' lang='grc' dir='ltr'><strong><em>διεκρίνετο</em></strong></span> <span class='ocrx_word' id='word_1_104' title='bbox 820 1198 896 1266; x_wconf 87' lang='grc' dir='ltr'><strong><em>καλ</em></strong></span> <span class='ocrx_word' id='word_1_105' title='bbox 882 1226 898 1266; x_wconf 94' lang='grc' dir='ltr'><strong><em>ο</em></strong></span> <span class='ocrx_word' id='word_1_106' title='bbox 910 1211 995 1269; x_wconf 80' lang='grc' dir='ltr'><strong><em>τοῦτο</em></strong></span> <span class='ocrx_word' id='word_1_107' title='bbox 1004 1229 1070 1269; x_wconf 93' lang='grc' dir='ltr'><strong><em>ποι</em></strong></span> 
     </span>
     <span class='ocr_line' id='line_1_13' title="bbox 68 1280 1071 1474; baseline 0.005 -41"><span class='ocrx_word' id='word_1_108' title='bbox 68 1312 119 1367; x_wconf 73' lang='lat'>⁰³1¹,</span> <span class='ocrx_word' id='word_1_109' title='bbox 136 1280 796 1473; x_wconf 50' lang='grc' dir='ltr'><strong><em>Ἕτοδπύύιύφίέύίύηῖύυέιύαλδρύύςδζῖςαυξ</em></strong></span> <span class='ocrx_word' id='word_1_110' title='bbox 743 1376 796 1434; x_wconf 82' lang='grc' dir='ltr'><strong><em>τοῦ</em></strong></span> <span class='ocrx_word' id='word_1_111' title='bbox 809 1378 873 1447; x_wconf 87' lang='grc' dir='ltr'><strong><em>ταῖς</em></strong></span> <span class='ocrx_word' id='word_1_112' title='bbox 869 1369 998 1474; x_wconf 76' lang='grc' dir='ltr'><strong><em>ψήφοις</em></strong></span> <span class='ocrx_word' id='word_1_113' title='bbox 1011 1378 1071 1438; x_wconf 73' lang='grc' dir='ltr'><strong><em>τῶν</em></strong></span> 
     </span>
     <span class='ocr_line' id='line_1_14' title="bbox 66 1446 1069 1558; baseline 0.003 -41"><span class='ocrx_word' id='word_1_114' title='bbox 66 1450 222 1538; x_wconf 81' lang='grc' dir='ltr'><strong><em>παρόντων</em></strong></span> <span class='ocrx_word' id='word_1_115' title='bbox 236 1446 392 1537; x_wconf 86' lang='grc' dir='ltr'><strong><em>κρίνειν</em></strong></span> <span class='ocrx_word' id='word_1_116' title='bbox 361 1478 416 1537; x_wconf 81' lang='grc' dir='ltr'><strong><em>την</em></strong></span> <span class='ocrx_word' id='word_1_117' title='bbox 429 1447 589 1557; x_wconf 77' lang='grc' dir='ltr'><strong><em>ἀλήθειαν.</em></strong></span> <span class='ocrx_word' id='word_1_118' title='bbox 601 1461 634 1517; x_wconf 90' lang='lat' dir='ltr'><strong><em>R.</em></strong></span> <span class='ocrx_word' id='word_1_119' title='bbox 657 1451 789 1558; x_wconf 63' lang='grc' dir='ltr'><strong><em>ιἕκιψηφί</em></strong></span> <span class='ocrx_word' id='word_1_120' title='bbox 787 1460 846 1533; x_wconf 75' lang='grc' dir='ltr'><strong><em>ζειν</em></strong></span> <span class='ocrx_word' id='word_1_121' title='bbox 860 1448 925 1527; x_wconf 68' lang='grc' dir='ltr'><strong><em>ἀντὶ</em></strong></span> <span class='ocrx_word' id='word_1_122' title='bbox 939 1481 992 1521; x_wconf 90' lang='grc' dir='ltr'><strong><em>τοο</em></strong></span> <span class='ocrx_word' id='word_1_123' title='bbox 978 1457 1069 1520; x_wconf 77' lang='grc' dir='ltr'><strong><em>ἐπι-</em></strong></span> 
     </span>
     <span class='ocr_line' id='line_1_15' title="bbox 65 1530 1069 1644; baseline 0.005 -44"><span class='ocrx_word' id='word_1_124' title='bbox 65 1561 224 1644; x_wconf 86' lang='grc' dir='ltr'><strong><em>μαρτυρειν</em></strong></span> <span class='ocrx_word' id='word_1_125' title='bbox 242 1537 292 1600; x_wconf 77' lang='grc' dir='ltr'><strong><em>καί</em></strong></span> <span class='ocrx_word' id='word_1_126' title='bbox 314 1530 518 1639; x_wconf 71' lang='grc' dir='ltr'><strong><em>ἐπικυροῦν</em></strong></span> <span class='ocrx_word' id='word_1_127' title='bbox 490 1561 542 1601; x_wconf 88' lang='grc' dir='ltr'><strong><em>του</em></strong></span> <span class='ocrx_word' id='word_1_128' title='bbox 555 1530 674 1621; x_wconf 69' lang='grc' dir='ltr'><strong><em>λύμου“</em></strong></span> <span class='ocrx_word' id='word_1_129' title='bbox 657 1560 693 1602; x_wconf 84' lang='grc' dir='ltr'><strong><em>ου</em></strong></span> <span class='ocrx_word' id='word_1_130' title='bbox 705 1531 743 1602; x_wconf 84' lang='grc' dir='ltr'><strong><em>σύ</em></strong></span> <span class='ocrx_word' id='word_1_131' title='bbox 758 1540 857 1622; x_wconf 66' lang='grc' dir='ltr'><strong><em>λέγεις.</em></strong></span> <span class='ocrx_word' id='word_1_132' title='bbox 883 1567 904 1623; x_wconf 87' lang='grc' dir='ltr'><strong><em>η</em></strong></span> <span class='ocrx_word' id='word_1_133' title='bbox 891 1535 951 1604; x_wconf 77' lang='grc' dir='ltr'><strong><em>δδ</em></strong></span> <span class='ocrx_word' id='word_1_134' title='bbox 964 1536 1069 1605; x_wconf 86' lang='grc' dir='ltr'><strong><em>σύντα-</em></strong></span> 
     </span>
     <span class='ocr_line' id='line_1_16' title="bbox 68 1616 437 1703; baseline 0 -17"><span class='ocrx_word' id='word_1_135' title='bbox 68 1628 111 1700; x_wconf 82' lang='grc' dir='ltr'><strong><em>ξις</em></strong></span> <span class='ocrx_word' id='word_1_136' title='bbox 125 1620 199 1703; x_wconf 79' lang='grc' dir='ltr'><strong><em>πρὸς</em></strong></span> <span class='ocrx_word' id='word_1_137' title='bbox 214 1616 377 1684; x_wconf 84' lang='grc' dir='ltr'><strong><em>αίτιατιν</em></strong></span> <span class='ocrx_word' id='word_1_138' title='bbox 377 1627 437 1686; x_wconf 91' lang='grc'><strong><em>..0</em></strong></span> 
     </span>
    </p>

    <p class='ocr_par' dir='ltr' id='par_1_7' title="bbox 67 1690 1068 1870">
     <span class='ocr_line' id='line_1_17' title="bbox 150 1690 1068 1788; baseline 0.001 -17"><span class='ocrx_word' id='word_1_139' title='bbox 150 1712 246 1771; x_wconf 73' lang='grc' dir='ltr'>474Β.</span> <span class='ocrx_word' id='word_1_140' title='bbox 268 1705 320 1768; x_wconf 83' lang='grc' dir='ltr'><strong><em>καί</em></strong></span> <span class='ocrx_word' id='word_1_141' title='bbox 353 1704 389 1785; x_wconf 74' lang='grc' dir='ltr'><strong><em>μδ</em></strong></span> <span class='ocrx_word' id='word_1_142' title='bbox 408 1706 459 1768; x_wconf 83' lang='grc' dir='ltr'><strong><em>καί</em></strong></span> <span class='ocrx_word' id='word_1_143' title='bbox 479 1690 521 1788; x_wconf 79' lang='grc' dir='ltr'><strong><em>οδ]</em></strong></span> <span class='ocrx_word' id='word_1_144' title='bbox 544 1730 620 1771; x_wconf 86' lang='grc' dir='ltr'><strong><em>κατα</em></strong></span> <span class='ocrx_word' id='word_1_145' title='bbox 640 1731 692 1781; x_wconf 88' lang='grc' dir='ltr'><strong><em>τας</em></strong></span> <span class='ocrx_word' id='word_1_146' title='bbox 706 1701 809 1782; x_wconf 87' lang='grc' dir='ltr'><strong><em>κοινδις</em></strong></span> <span class='ocrx_word' id='word_1_147' title='bbox 822 1706 873 1770; x_wconf 92' lang='grc' dir='ltr'><strong><em>και</em></strong></span> <span class='ocrx_word' id='word_1_148' title='bbox 887 1700 1008 1788; x_wconf 82' lang='grc' dir='ltr'><strong><em>ύληθεῖς</em></strong></span> <span class='ocrx_word' id='word_1_149' title='bbox 1023 1710 1068 1772; x_wconf 80' lang='grc' dir='ltr'><strong><em>ἒν-</em></strong></span> 
     </span>
     <span class='ocr_line' id='line_1_18' title="bbox 67 1785 361 1870; baseline 0 -17"><span class='ocrx_word' id='word_1_150' title='bbox 67 1792 149 1865; x_wconf 87' lang='grc' dir='ltr'><strong><em>νοίας</em></strong></span> <span class='ocrx_word' id='word_1_151' title='bbox 163 1785 306 1870; x_wconf 84' lang='grc' dir='ltr'><strong><em>δηλονότι.</em></strong></span> <span class='ocrx_word' id='word_1_152' title='bbox 326 1796 361 1852; x_wconf 87' lang='grc' dir='ltr'><strong><em>Β.</em></strong></span> 
     </span>
    </p>

    <p class='ocr_par' dir='ltr' id='par_1_8' title="bbox 65 1868 1106 2039">
     <span class='ocr_line' id='line_1_19' title="bbox 152 1868 1106 1976; baseline 0.003 -40"><span class='ocrx_word' id='word_1_153' title='bbox 152 1879 181 1936; x_wconf 79' lang='lat' dir='ltr'><strong>C.</strong></span> <span class='ocrx_word' id='word_1_154' title='bbox 204 1874 267 1956; x_wconf 77' lang='grc' dir='ltr'><strong><em>λίμε</em></strong></span> <span class='ocrx_word' id='word_1_155' title='bbox 281 1869 319 1954; x_wconf 78' lang='grc' dir='ltr'><strong><em>δή</em></strong></span> <span class='ocrx_word' id='word_1_156' title='bbox 324 1882 393 1975; x_wconf 89' lang='grc' dir='ltr'><strong><em>μοι]</em></strong></span> <span class='ocrx_word' id='word_1_157' title='bbox 408 1879 469 1937; x_wconf 78' lang='grc' dir='ltr'><strong><em>τοῖν</em></strong></span> <span class='ocrx_word' id='word_1_158' title='bbox 485 1871 539 1937; x_wconf 85' lang='grc' dir='ltr'><strong><em>δύο</em></strong></span> <span class='ocrx_word' id='word_1_159' title='bbox 552 1868 831 1976; x_wconf 74' lang='grc' dir='ltr'><strong><em>προβλημάτωντοῦ</em></strong></span> <span class='ocrx_word' id='word_1_160' title='bbox 830 1896 958 1975; x_wconf 85' lang='grc' dir='ltr'><strong><em>πρατοο</em></strong></span> <span class='ocrx_word' id='word_1_161' title='bbox 974 1875 1068 1939; x_wconf 77' lang='grc' dir='ltr'><strong><em>ἐντεῦ-</em></strong></span> <span class='ocrx_word' id='word_1_162' title='bbox 1103 1938 1106 1945; x_wconf 78' lang='grc'><strong>,</strong></span> 
     </span>
     <span class='ocr_line' id='line_1_20' title="bbox 65 1949 1000 2058; baseline 0 -38"><span class='ocrx_word' id='word_1_163' title='bbox 65 1951 150 2020; x_wconf 66' lang='grc' dir='ltr'><strong><em>θευ’</em></strong></span> <span class='ocrx_word' id='word_1_164' title='bbox 135 1982 155 2036; x_wconf 85' lang='grc' dir='ltr'><strong><em>η</em></strong></span> <span class='ocrx_word' id='word_1_165' title='bbox 168 1952 342 2036; x_wconf 78' lang='grc' dir='ltr'><strong><em>κατασκευή,</em></strong></span> <span class='ocrx_word' id='word_1_166' title='bbox 357 1980 401 2020; x_wconf 89' lang='grc' dir='ltr'><strong><em>οτι</em></strong></span> <span class='ocrx_word' id='word_1_167' title='bbox 407 1962 511 2058; x_wconf 77' lang='grc' dir='ltr'><strong><em>χεῖρον</em></strong></span> <span class='ocrx_word' id='word_1_168' title='bbox 522 1980 575 2020; x_wconf 92' lang='grc' dir='ltr'><strong><em>του</em></strong></span> <span class='ocrx_word' id='word_1_169' title='bbox 561 1949 803 2021; x_wconf 76' lang='grc' dir='ltr'><strong><em>ἀἰδικεισθαι</em></strong></span> <span class='ocrx_word' id='word_1_170' title='bbox 774 1980 806 2018; x_wconf 89' lang='grc' dir='ltr'><strong><em>το</em></strong></span> <span class='ocrx_word' id='word_1_171' title='bbox 821 1950 944 2019; x_wconf 81' lang='grc' dir='ltr'><strong><em>ἆδικεῖν.</em></strong></span> <span class='ocrx_word' id='word_1_172' title='bbox 966 1964 1000 2020; x_wconf 90' lang='lat' dir='ltr'><strong><em>R.</em></strong></span> 
     </span>
    </p>

    <p class='ocr_par' dir='ltr' id='par_1_9' title="bbox 150 2033 1068 2145">
     <span class='ocr_line' id='line_1_21' title="bbox 150 2033 1068 2145; baseline 0.004 -44"><span class='ocrx_word' id='word_1_173' title='bbox 150 2047 182 2101; x_wconf 91' lang='lat' dir='ltr'><strong>E.</strong></span> <span class='ocrx_word' id='word_1_174' title='bbox 205 2036 459 2120; x_wconf 79' lang='grc' dir='ltr'><strong><em>ἒπιτηδεύματύέ</em></strong></span> <span class='ocrx_word' id='word_1_175' title='bbox 459 2058 505 2102; x_wconf 88' lang='grc' dir='ltr'><strong><em>στι</em></strong></span> <span class='ocrx_word' id='word_1_176' title='bbox 524 2064 561 2145; x_wconf 82' lang='grc' dir='ltr'><strong><em>τοι</em></strong></span> <span class='ocrx_word' id='word_1_177' title='bbox 581 2033 631 2103; x_wconf 91' lang='grc' dir='ltr'><strong><em>δια</em></strong></span> <span class='ocrx_word' id='word_1_178' title='bbox 651 2035 752 2120; x_wconf 83' lang='grc' dir='ltr'><strong><em>μόνοιν</em></strong></span> <span class='ocrx_word' id='word_1_179' title='bbox 771 2064 830 2103; x_wconf 88' lang='grc' dir='ltr'><strong><em>των</em></strong></span> <span class='ocrx_word' id='word_1_180' title='bbox 849 2040 929 2104; x_wconf 76' lang='grc' dir='ltr'><strong><em>ἐθῶν</em></strong></span> <span class='ocrx_word' id='word_1_181' title='bbox 949 2039 1068 2121; x_wconf 80' lang='grc' dir='ltr'><strong><em>μελιτού-</em></strong></span> 
     </span>
    </p>

    <p class='ocr_par' dir='ltr' id='par_1_10' title="bbox 101 2129 268 2187">
     <span class='ocr_line' id='line_1_22' title="bbox 101 2129 268 2187; baseline 0 -1"><span class='ocrx_word' id='word_1_182' title='bbox 101 2149 147 2187; x_wconf 89' lang='grc' dir='ltr'><strong><em>να.</em></strong></span> <span class='ocrx_word' id='word_1_183' title='bbox 168 2129 201 2186; x_wconf 89' lang='grc' dir='ltr'><strong><em>Β.</em></strong></span> <span class='ocrx_word' id='word_1_184' title='bbox 266 2165 268 2168; x_wconf 57' lang='lat'>&lt;</span> 
     </span>
    </p>

    <p class='ocr_par' dir='ltr' id='par_1_11' title="bbox 65 2147 1069 2375">
     <span class='ocr_line' id='line_1_23' title="bbox 65 2147 1069 2310; baseline 0.004 -42"><span class='ocrx_word' id='word_1_185' title='bbox 65 2147 101 2205; x_wconf 53' lang='grc' dir='ltr'><strong><em>με</em></strong></span> <span class='ocrx_word' id='word_1_186' title='bbox 152 2214 185 2268; x_wconf 87' lang='lat' dir='ltr'><strong>E.</strong></span> <span class='ocrx_word' id='word_1_187' title='bbox 209 2201 403 2308; x_wconf 77' lang='grc' dir='ltr'><strong><em>μαθήματύί</em></strong></span> <span class='ocrx_word' id='word_1_188' title='bbox 402 2225 498 2270; x_wconf 82' lang='grc' dir='ltr'><strong><em>στιτα</em></strong></span> <span class='ocrx_word' id='word_1_189' title='bbox 511 2200 586 2269; x_wconf 76' lang='grc' dir='ltr'><strong><em>κατοί</em></strong></span> <span class='ocrx_word' id='word_1_190' title='bbox 601 2232 653 2283; x_wconf 83' lang='grc' dir='ltr'><strong><em>τας</em></strong></span> <span class='ocrx_word' id='word_1_191' title='bbox 665 2207 766 2310; x_wconf 75' lang='grc' dir='ltr'><strong><em>τέχνας</em></strong></span> <span class='ocrx_word' id='word_1_192' title='bbox 780 2159 831 2270; x_wconf 84' lang='grc' dir='ltr'><strong><em>καλ</em></strong></span> <span class='ocrx_word' id='word_1_193' title='bbox 846 2203 1004 2288; x_wconf 75' lang='grc' dir='ltr'><strong><em>ἐπιστήμας</em></strong></span> <span class='ocrx_word' id='word_1_194' title='bbox 1018 2202 1069 2272; x_wconf 82' lang='grc' dir='ltr'><strong><em>δεδι</em></strong></span> 
     </span>
     <span class='ocr_line' id='line_1_24' title="bbox 67 2282 833 2375; baseline 0.003 -21"><span class='ocrx_word' id='word_1_195' title='bbox 67 2293 257 2364; x_wconf 78' lang='grc' dir='ltr'><strong><em>διδασκαλίας</em></strong></span> <span class='ocrx_word' id='word_1_196' title='bbox 270 2296 331 2365; x_wconf 83' lang='grc' dir='ltr'><strong><em>τοῖς</em></strong></span> <span class='ocrx_word' id='word_1_197' title='bbox 344 2282 516 2374; x_wconf 82' lang='grc' dir='ltr'><strong><em>ἆνθροοποις</em></strong></span> <span class='ocrx_word' id='word_1_198' title='bbox 530 2289 777 2375; x_wconf 77' lang='grc' dir='ltr'><strong><em>παραμιγνύμενα.</em></strong></span> <span class='ocrx_word' id='word_1_199' title='bbox 798 2299 833 2355; x_wconf 91' lang='lat' dir='ltr'><strong>R.</strong></span> 
     </span>
    </p>

    <p class='ocr_par' dir='ltr' id='par_1_12' title="bbox 67 2367 1067 2544">
     <span class='ocr_line' id='line_1_25' title="bbox 149 2367 1067 2483; baseline 0.008 -47"><span class='ocrx_word' id='word_1_200' title='bbox 149 2383 201 2440; x_wconf 80' lang='grc'><strong><em>476</em></strong></span> <span class='ocrx_word' id='word_1_201' title='bbox 212 2382 247 2436; x_wconf 99' lang='lat' dir='ltr'><strong>A.</strong></span> <span class='ocrx_word' id='word_1_202' title='bbox 266 2367 338 2478; x_wconf 75' lang='grc' dir='ltr'><strong><em>μετὰ</em></strong></span> <span class='ocrx_word' id='word_1_203' title='bbox 357 2380 442 2439; x_wconf 83' lang='grc' dir='ltr'><strong><em>τοῦτο</em></strong></span> <span class='ocrx_word' id='word_1_204' title='bbox 461 2375 504 2451; x_wconf 77' lang='grc' dir='ltr'><strong><em>δὲ]</em></strong></span> <span class='ocrx_word' id='word_1_205' title='bbox 526 2380 579 2438; x_wconf 82' lang='grc' dir='ltr'><strong><em>τοῦ</em></strong></span> <span class='ocrx_word' id='word_1_206' title='bbox 599 2376 735 2480; x_wconf 80' lang='grc' dir='ltr'><strong><em>δευτέρου</em></strong></span> <span class='ocrx_word' id='word_1_207' title='bbox 754 2371 959 2483; x_wconf 78' lang='grc' dir='ltr'><strong><em>προβλήματος</em></strong></span> <span class='ocrx_word' id='word_1_208' title='bbox 979 2401 1067 2443; x_wconf 87' lang='grc' dir='ltr'><strong><em>κατα·</em></strong></span> 
     </span>
     <span class='ocr_line' id='line_1_26' title="bbox 67 2452 1066 2564; baseline 0.007 -45"><span class='ocrx_word' id='word_1_209' title='bbox 67 2452 167 2537; x_wconf 81' lang='grc' dir='ltr'><strong><em>σκευή,</em></strong></span> <span class='ocrx_word' id='word_1_210' title='bbox 183 2480 227 2520; x_wconf 86' lang='grc' dir='ltr'><strong><em>οτι</em></strong></span> <span class='ocrx_word' id='word_1_211' title='bbox 240 2481 299 2523; x_wconf 84' lang='grc' dir='ltr'><strong><em>τον</em></strong></span> <span class='ocrx_word' id='word_1_212' title='bbox 313 2453 497 2524; x_wconf 81' lang='grc' dir='ltr'><strong><em>ύδικούντοιν</em></strong></span> <span class='ocrx_word' id='word_1_213' title='bbox 512 2454 673 2543; x_wconf 85' lang='grc' dir='ltr'><strong><em>κρείττων</em></strong></span> <span class='ocrx_word' id='word_1_214' title='bbox 661 2485 677 2524; x_wconf 95' lang='grc' dir='ltr'><strong><em>ο</em></strong></span> <span class='ocrx_word' id='word_1_215' title='bbox 693 2463 781 2564; x_wconf 91' lang='grc' dir='ltr'><strong><em>δίκην</em></strong></span> <span class='ocrx_word' id='word_1_216' title='bbox 795 2455 931 2537; x_wconf 72' lang='grc' dir='ltr'><strong><em>διδους”</em></strong></span> <span class='ocrx_word' id='word_1_217' title='bbox 909 2487 930 2544; x_wconf 88' lang='grc' dir='ltr'><strong><em>η</em></strong></span> <span class='ocrx_word' id='word_1_218' title='bbox 942 2456 958 2526; x_wconf 87' lang='lat'>6</span> <span class='ocrx_word' id='word_1_219' title='bbox 969 2459 1019 2543; x_wconf 82' lang='grc' dir='ltr'><strong><em>μή.</em></strong></span> <span class='ocrx_word' id='word_1_220' title='bbox 1033 2471 1066 2526; x_wconf 88' lang='grc' dir='ltr'><strong><em>Β.</em></strong></span> 
     </span>
    </p>

    <p class='ocr_par' dir='ltr' id='par_1_13' title="bbox 149 2539 1067 2650">
     <span class='ocr_line' id='line_1_27' title="bbox 149 2539 1067 2650; baseline 0.005 -46.259"><span class='ocrx_word' id='word_1_221' title='bbox 149 2542 234 2604; x_wconf 80' lang='grc' dir='ltr'><strong><em>εί</em></strong></span> <span class='ocrx_word' id='word_1_222' title='bbox 149 2542 284 2617; x_wconf 88' lang='grc' dir='ltr'><strong><em>τίς</em></strong></span> <span class='ocrx_word' id='word_1_223' title='bbox 297 2567 325 2605; x_wconf 89' lang='grc' dir='ltr'><strong><em>τι</em></strong></span> <span class='ocrx_word' id='word_1_224' title='bbox 337 2546 428 2646; x_wconf 82' lang='grc' dir='ltr'><strong><em>ποιεῖ]</em></strong></span> <span class='ocrx_word' id='word_1_225' title='bbox 449 2543 488 2607; x_wconf 79' lang='grc' dir='ltr'><strong><em>ἐκ</em></strong></span> <span class='ocrx_word' id='word_1_226' title='bbox 495 2545 599 2608; x_wconf 80' lang='grc' dir='ltr'><strong><em>τούτου</em></strong></span> <span class='ocrx_word' id='word_1_227' title='bbox 615 2539 775 2649; x_wconf 74' lang='grc' dir='ltr'><strong><em>δηλον”</em></strong></span> <span class='ocrx_word' id='word_1_228' title='bbox 719 2570 764 2609; x_wconf 90' lang='grc' dir='ltr'><strong><em>οτι</em></strong></span> <span class='ocrx_word' id='word_1_229' title='bbox 777 2542 810 2609; x_wconf 82' lang='grc' dir='ltr'><strong><em>τὸ</em></strong></span> <span class='ocrx_word' id='word_1_230' title='bbox 824 2553 903 2610; x_wconf 85' lang='grc' dir='ltr'><strong><em>νοεῖν</em></strong></span> <span class='ocrx_word' id='word_1_231' title='bbox 919 2547 969 2609; x_wconf 78' lang='grc' dir='ltr'><strong><em>καί</em></strong></span> <span class='ocrx_word' id='word_1_232' title='bbox 983 2549 1067 2650; x_wconf 80' lang='grc' dir='ltr'><strong><em>βαδί-</em></strong></span> 
     </span>
    </p>

    <p class='ocr_par' dir='ltr' id='par_1_14' title="bbox 66 2619 1067 2792">
     <span class='ocr_line' id='line_1_28' title="bbox 66 2619 1067 2714; baseline 0.005 -26"><span class='ocrx_word' id='word_1_233' title='bbox 66 2631 125 2701; x_wconf 78' lang='grc' dir='ltr'><strong><em>ζειν</em></strong></span> <span class='ocrx_word' id='word_1_234' title='bbox 134 2619 175 2688; x_wconf 87' lang='grc' dir='ltr'><strong><em>ού</em></strong></span> <span class='ocrx_word' id='word_1_235' title='bbox 188 2631 284 2688; x_wconf 78' lang='grc' dir='ltr'><strong><em>ποιεῖν</em></strong></span> <span class='ocrx_word' id='word_1_236' title='bbox 298 2626 376 2691; x_wconf 73' lang='grc' dir='ltr'><strong><em>ἐστίν</em></strong></span> <span class='ocrx_word' id='word_1_237' title='bbox 390 2620 456 2690; x_wconf 76' lang='grc' dir='ltr'><strong><em>ἄλλ’</em></strong></span> <span class='ocrx_word' id='word_1_238' title='bbox 474 2628 601 2711; x_wconf 80' lang='grc' dir='ltr'><strong><em>ἐνεργεῖν</em></strong></span> <span class='ocrx_word' id='word_1_239' title='bbox 614 2650 720 2708; x_wconf 89' lang='grc' dir='ltr'><strong><em>μονον·</em></strong></span> <span class='ocrx_word' id='word_1_240' title='bbox 742 2623 777 2693; x_wconf 85' lang='grc' dir='ltr'><strong><em>ού</em></strong></span> <span class='ocrx_word' id='word_1_241' title='bbox 792 2623 850 2714; x_wconf 77' lang='grc' dir='ltr'><strong><em>γὰρ</em></strong></span> <span class='ocrx_word' id='word_1_242' title='bbox 868 2653 941 2713; x_wconf 89' lang='grc' dir='ltr'><strong><em>προς</em></strong></span> <span class='ocrx_word' id='word_1_243' title='bbox 962 2655 990 2694; x_wconf 92' lang='grc' dir='ltr'><strong><em>τι</em></strong></span> <span class='ocrx_word' id='word_1_244' title='bbox 1010 2630 1067 2693; x_wconf 81' lang='grc' dir='ltr'><strong><em>ποί-</em></strong></span> 
     </span>
     <span class='ocr_line' id='line_1_29' title="bbox 66 2713 344 2792; baseline 0 -20"><span class='ocrx_word' id='word_1_245' title='bbox 66 2729 136 2792; x_wconf 83' lang='grc' dir='ltr'><strong><em>οχον</em></strong></span> <span class='ocrx_word' id='word_1_246' title='bbox 149 2713 289 2792; x_wconf 81' lang='grc' dir='ltr'><strong><em>γίνονται.</em></strong></span> <span class='ocrx_word' id='word_1_247' title='bbox 310 2715 344 2771; x_wconf 90' lang='grc' dir='ltr'>Β.</span> 
     </span>
    </p>

    <p class='ocr_par' dir='ltr' id='par_1_15' title="bbox 67 2788 1067 2959">
     <span class='ocr_line' id='line_1_30' title="bbox 150 2788 1067 2883; baseline 0.001 -25"><span class='ocrx_word' id='word_1_248' title='bbox 150 2800 247 2858; x_wconf 83' lang='grc' dir='ltr'><strong>477Α.</strong></span> <span class='ocrx_word' id='word_1_249' title='bbox 267 2789 476 2870; x_wconf 75' lang='grc' dir='ltr'><strong><em>κολύξεσθαί’</em></strong></span> <span class='ocrx_word' id='word_1_250' title='bbox 462 2813 520 2858; x_wconf 89' lang='grc' dir='ltr'><strong><em>εστι</em></strong></span> <span class='ocrx_word' id='word_1_251' title='bbox 544 2788 699 2883; x_wconf 84' lang='grc' dir='ltr'><strong><em>κυρίοις</em></strong></span> <span class='ocrx_word' id='word_1_252' title='bbox 671 2820 703 2858; x_wconf 94' lang='grc' dir='ltr'><strong><em>το</em></strong></span> <span class='ocrx_word' id='word_1_253' title='bbox 718 2801 769 2877; x_wconf 82' lang='grc' dir='ltr'><strong><em>τῆς</em></strong></span> <span class='ocrx_word' id='word_1_254' title='bbox 788 2798 930 2879; x_wconf 85' lang='grc' dir='ltr'><strong><em>πονηρίας</em></strong></span> <span class='ocrx_word' id='word_1_255' title='bbox 950 2792 1067 2859; x_wconf 84' lang='grc' dir='ltr'><strong><em>κολούε-</em></strong></span> 
     </span>
     <span class='ocr_line' id='line_1_31' title="bbox 67 2872 802 2981; baseline 0.005 -42"><span class='ocrx_word' id='word_1_256' title='bbox 67 2873 181 2959; x_wconf 86' lang='grc' dir='ltr'><strong><em>σθαι,</em></strong></span> <span class='ocrx_word' id='word_1_257' title='bbox 173 2874 280 2940; x_wconf 76' lang='grc' dir='ltr'><strong><em>όὲστιυ</em></strong></span> <span class='ocrx_word' id='word_1_258' title='bbox 292 2872 520 2983; x_wconf 81' lang='grc' dir='ltr'><strong><em>ίλαττοῦσθαιη</em></strong></span> <span class='ocrx_word' id='word_1_259' title='bbox 534 2876 748 2981; x_wconf 78' lang='grc' dir='ltr'><strong><em>ίμποδίζεοθαι.</em></strong></span> <span class='ocrx_word' id='word_1_260' title='bbox 769 2886 802 2943; x_wconf 82' lang='grc' dir='ltr'>Β</span> 
     </span>
    </p>

    <p class='ocr_par' dir='ltr' id='par_1_16' title="bbox 66 2950 1066 3126">
     <span class='ocr_line' id='line_1_32' title="bbox 151 2950 1066 3065; baseline 0.003 -42"><span class='ocrx_word' id='word_1_261' title='bbox 151 2970 185 3024; x_wconf 94' lang='lat' dir='ltr'><strong>A.</strong></span> <span class='ocrx_word' id='word_1_262' title='bbox 209 2986 247 3045; x_wconf 93' lang='grc' dir='ltr'><strong><em>αρ</em></strong></span> <span class='ocrx_word' id='word_1_263' title='bbox 245 2950 324 3024; x_wconf 87' lang='grc' dir='ltr'><strong><em>ουν</em></strong></span> <span class='ocrx_word' id='word_1_264' title='bbox 336 2985 389 3026; x_wconf 89' lang='grc' dir='ltr'><strong><em>του</em></strong></span> <span class='ocrx_word' id='word_1_265' title='bbox 375 2964 548 3065; x_wconf 80' lang='grc' dir='ltr'><strong><em>μεγίστου]</em></strong></span> <span class='ocrx_word' id='word_1_266' title='bbox 564 2961 701 3025; x_wconf 76' lang='grc' dir='ltr'><strong><em>ίιπεῦθεν</em></strong></span> <span class='ocrx_word' id='word_1_267' title='bbox 716 2956 923 3026; x_wconf 79' lang='grc' dir='ltr'><strong><em>ύποδείκνυται</em></strong></span> <span class='ocrx_word' id='word_1_268' title='bbox 937 2964 1004 3026; x_wconf 75' lang='grc' dir='ltr'><strong><em>οἵου</em></strong></span> <span class='ocrx_word' id='word_1_269' title='bbox 1017 2985 1066 3043; x_wconf 81' lang='grc' dir='ltr'><strong><em>με·</em></strong></span> 
     </span>
     <span class='ocr_line' id='line_1_33' title="bbox 66 3040 907 3126; baseline 0.004 -19"><span class='ocrx_word' id='word_1_270' title='bbox 66 3047 166 3126; x_wconf 84' lang='grc' dir='ltr'><strong><em>γίστου</em></strong></span> <span class='ocrx_word' id='word_1_271' title='bbox 180 3069 275 3109; x_wconf 85' lang='grc' dir='ltr'><strong><em>κακον</em></strong></span> <span class='ocrx_word' id='word_1_272' title='bbox 262 3040 525 3110; x_wconf 66' lang='grc' dir='ltr'><strong><em>ἆπαλλαττεται“</em></strong></span> <span class='ocrx_word' id='word_1_273' title='bbox 512 3069 529 3109; x_wconf 93' lang='grc' dir='ltr'><strong><em>ο</em></strong></span> <span class='ocrx_word' id='word_1_274' title='bbox 544 3047 628 3121; x_wconf 87' lang='grc' dir='ltr'><strong><em>δίκας</em></strong></span> <span class='ocrx_word' id='word_1_275' title='bbox 643 3043 751 3122; x_wconf 88' lang='grc' dir='ltr'><strong><em>διδούς.</em></strong></span> <span class='ocrx_word' id='word_1_276' title='bbox 773 3054 806 3110; x_wconf 92' lang='grc' dir='ltr'><strong><em>Β.</em></strong></span> <span class='ocrx_word' id='word_1_277' title='bbox 905 3060 907 3064; x_wconf 85' lang='grc'><strong>’</strong></span> 
     </span>
    </p>

    <p class='ocr_par' dir='ltr' id='par_1_17' title="bbox 66 3123 1063 3300">
     <span class='ocr_line' id='line_1_34' title="bbox 150 3123 1063 3215; baseline -0.002 -21"><span class='ocrx_word' id='word_1_278' title='bbox 150 3138 243 3196; x_wconf 69' lang='lat' dir='ltr'><strong>m.</strong></span> <span class='ocrx_word' id='word_1_279' title='bbox 266 3123 442 3214; x_wconf 83' lang='grc' dir='ltr'><strong><em>δεύτεροςού</em></strong></span> <span class='ocrx_word' id='word_1_280' title='bbox 453 3123 527 3214; x_wconf 85' lang='grc' dir='ltr'><strong><em>πρὸς</em></strong></span> <span class='ocrx_word' id='word_1_281' title='bbox 537 3123 736 3215; x_wconf 80' lang='grc' dir='ltr'><strong><em>εύδαιμονίαν,</em></strong></span> <span class='ocrx_word' id='word_1_282' title='bbox 752 3124 828 3194; x_wconf 75' lang='grc' dir='ltr'><strong><em>ἄλλα</em></strong></span> <span class='ocrx_word' id='word_1_283' title='bbox 843 3123 968 3194; x_wconf 76' lang='grc' dir='ltr'><strong><em>κατὰτὸ</em></strong></span> <span class='ocrx_word' id='word_1_284' title='bbox 984 3127 1063 3193; x_wconf 82' lang='grc' dir='ltr'><strong><em>τετύ-</em></strong></span> 
     </span>
     <span class='ocr_line' id='line_1_35' title="bbox 66 3214 514 3319; baseline 0.01 -45"><span class='ocrx_word' id='word_1_285' title='bbox 66 3218 139 3292; x_wconf 81' lang='grc' dir='ltr'><strong><em>χθαι</em></strong></span> <span class='ocrx_word' id='word_1_286' title='bbox 151 3214 236 3291; x_wconf 88' lang='grc' dir='ltr'><strong><em>μίσος</em></strong></span> <span class='ocrx_word' id='word_1_287' title='bbox 248 3236 308 3277; x_wconf 86' lang='grc' dir='ltr'><strong><em>τον</em></strong></span> <span class='ocrx_word' id='word_1_288' title='bbox 319 3237 422 3319; x_wconf 88' lang='grc' dir='ltr'><strong><em>τριων</em></strong></span> <span class='ocrx_word' id='word_1_289' title='bbox 439 3216 514 3277; x_wconf 88' lang='lat' dir='ltr'><strong>R</strong></span> 
     </span>
    </p>

    <p class='ocr_par' dir='ltr' id='par_1_18' title="bbox 58 3292 1065 3466">
     <span class='ocr_line' id='line_1_36' title="bbox 151 3292 1065 3405; baseline 0 -45"><span class='ocrx_word' id='word_1_290' title='bbox 151 3305 204 3362; x_wconf 78' lang='lat'><strong><em>479</em></strong></span> <span class='ocrx_word' id='word_1_291' title='bbox 215 3303 243 3360; x_wconf 85' lang='lat' dir='ltr'><strong>C.</strong></span> <span class='ocrx_word' id='word_1_292' title='bbox 241 3295 513 3401; x_wconf 74' lang='grc' dir='ltr'><strong><em>συλλογισύμεθα]</em></strong></span> <span class='ocrx_word' id='word_1_293' title='bbox 520 3295 703 3381; x_wconf 77' lang='grc' dir='ltr'><strong><em>σημείαοαι”</em></strong></span> <span class='ocrx_word' id='word_1_294' title='bbox 687 3322 731 3363; x_wconf 88' lang='grc' dir='ltr'><strong><em>οτι</em></strong></span> <span class='ocrx_word' id='word_1_295' title='bbox 733 3292 931 3405; x_wconf 75' lang='grc' dir='ltr'><strong><em>Αριστοτέλης</em></strong></span> <span class='ocrx_word' id='word_1_296' title='bbox 936 3321 987 3360; x_wconf 91' lang='grc' dir='ltr'><strong><em>του</em></strong></span> <span class='ocrx_word' id='word_1_297' title='bbox 975 3302 1065 3360; x_wconf 88' lang='grc' dir='ltr'><strong><em>ουλ-</em></strong></span> 
     </span>
     <span class='ocr_line' id='line_1_37' title="bbox 58 3375 1041 3466; baseline 0.002 -26"><span class='ocrx_word' id='word_1_298' title='bbox 58 3375 249 3462; x_wconf 76' lang='grc' dir='ltr'><strong><em>λογισμοῦ</em></strong></span> <span class='ocrx_word' id='word_1_299' title='bbox 220 3403 271 3444; x_wconf 88' lang='grc' dir='ltr'><strong><em>τον</em></strong></span> <span class='ocrx_word' id='word_1_300' title='bbox 285 3377 356 3466; x_wconf 74' lang='grc' dir='ltr'><strong><em>ὅρον</em></strong></span> <span class='ocrx_word' id='word_1_301' title='bbox 370 3382 508 3447; x_wconf 76' lang='grc' dir='ltr'><strong><em>ἐντεῦθεν</em></strong></span> <span class='ocrx_word' id='word_1_302' title='bbox 521 3384 622 3465; x_wconf 77' lang='grc' dir='ltr'><strong><em>εἴληφε</em></strong></span> <span class='ocrx_word' id='word_1_303' title='bbox 635 3378 789 3466; x_wconf 81' lang='grc' dir='ltr'><strong><em>σχεδὸν’</em></strong></span> <span class='ocrx_word' id='word_1_304' title='bbox 752 3392 855 3460; x_wconf 80' lang='grc' dir='ltr'><strong><em>αυτοῖς</em></strong></span> <span class='ocrx_word' id='word_1_305' title='bbox 869 3384 985 3460; x_wconf 76' lang='grc' dir='ltr'><strong><em>λίξεσιν.</em></strong></span> <span class='ocrx_word' id='word_1_306' title='bbox 1004 3387 1041 3444; x_wconf 90' lang='lat' dir='ltr'><strong>R</strong></span> 
     </span>
    </p>
   </div>
   <div class='ocr_carea' id='block_1_5' title="bbox 0 0 1208 3764">
    <p class='ocr_par' dir='ltr' id='par_1_19' title="bbox 0 0 1208 3764">
     <span class='ocr_line' id='line_1_38' title="bbox 0 0 1208 3764; baseline 0 0"><span class='ocrx_word' id='word_1_307' title='bbox 0 0 1208 3764; x_wconf 95' lang='lat' dir='ltr'><strong><em> </em></strong></span> 
     </span>
    </p>
   </div>
  </div>
 </body>
</html>
