2408 3764
148 185 212 255 Im
516 186 789 248 κακινοον
1009 164 1025 173 ’
1120 197 1152 253 10

146 359 254 429 ἐκεῖνα,
276 378 296 415 α
282 347 390 415 “ἐστιν
404 347 531 413 ἰδεῖν’
426 374 575 498 &mmmmm
588 356 630 459 uy3
643 356 695 432 τῆς
711 356 809 433 ψυχῆς
824 357 963 453 λιγγισμιγ.
984 347 1097 415 ἐστι
1050 350 1152 454 γαρή

146 446 207 506 τῶν
221 431 407 518 μαθημάτων
426 435 579 514 ἐπίσκεψις
600 413 640 510 ιδς
656 461 695 498 αν
715 431 872 540 προοίμιόν
890 460 919 498 τι
915 434 1006 539 πρὸς
1026 429 1083 518 τήν
1097 444 1153 501 τιδν

147 522 244 589 όντων
256 521 403 628 θεωρίαν·
425 513 625 621 ἐφιέμενοι
589 544 649 628 γαρ
662 525 714 583 τοῦ
726 517 812 594 ι’ίντος
825 515 1033 624 λαμβάνεσθαι
1046 545 1152 625 γεωμι-

148 610 216 688 ερία
229 628 260 666 τε
278 604 329 667 και
323 595 530 708 άρνθμητική
550 628 601 666 και
591 605 653 667 αἰ
664 599 784 678 ταάταις
798 597 966 685 ἐπάμευαι’
950 603 1153 707 ονειροδττονσι

148 691 202 793 μὲν
216 681 331 791 περὶ
302 711 336 751 το
350 711 402 767 ον,
423 683 505 790 ι’ίπαρ
519 681 607 751 δὲ’
569 682 643 752 αυτδ
664 681 865 752 άδννατουσιν
880 682 1010 793 ἰδεῖν,
991 695 1153 794 αγνοοῦσαι

147 771 200 849 τάς
213 797 244 836 τε
258 765 349 855 άρχάς
364 766 464 834 καί
432 795 470 834 τα
484 773 518 834 ἐκ
531 777 592 874 τῶγ
605 766 704 856 άρχιάν
719 775 903 875 σνγκείμενα,
918 766 1007 837 ουδέν
1021 763 1089 837 δέ
1068 796 1153 877 ηετον

148 856 383 961 χρησιμώτατοι.
383 845 470 920 οὖσαν
463 852 669 959 τνγχάγουσι
683 850 759 919 κατά
772 881 809 919 τα
797 850 969 962 εἰρημένα.
993 853 1071 922 οθεν
1086 852 1153 921 οάδδ
1196 894 1198 905 ·

148 938 312 1044 ἐπιστήμας
328 946 420 1004 ταῦτα
438 933 477 1002 τδι
489 937 665 1044 μαθήματα
680 935 822 1027 ἔφησεν
808 966 825 1004 ο
846 937 991 1005 Πλάτων·
1015 968 1036 1023 η
1056 943 1153 1043 μέντοι

148 1020 318 1106 διαλεκτική
336 1017 498 1128 μέθοδος’
481 1017 550 1087 απδ
560 1048 620 1087 των
616 1031 842 1127 γεωμετρικῶν
861 1019 1036 1091 ὑποθέσεων
1058 1020 1149 1089 ἐπί
1119 1052 1153 1090 τα
1196 1052 1198 1073 =

147 1118 250 1196 πρῶτα
265 1102 349 1173 κάλ’
330 1132 439 1212 αρχικα
426 1101 507 1170 καί
527 1100 699 1171 άνυττάθετα
714 1100 830 1211 άνιέγαι
843 1111 991 1190 πέφυκεν·
1013 1106 1088 1174 όθεν
1101 1135 1153 1213 τήν

148 1197 201 1278 μὲν
215 1199 404 1295 διαλεκτικην
414 1186 577 1274 ἐπιστήμην
589 1198 739 1276 προσειπε,
754 1216 792 1254 τα
779 1187 836 1256 δέ
848 1191 1061 1276 μαθήματα”
1024 1219 1092 1258 οντε
1103 1191 1152 1259 δά·
1187 1197 1190 1206 '

147 1286 202 1381 ξαν
222 1271 273 1340 διά
292 1300 325 1339 τυ
314 1271 530 1377 ἐναργέστερα
549 1272 626 1341 εἰναι
640 1282 700 1380 τῶγ
720 1277 887 1381 αἰσθητῶν,
909 1277 975 1342 οὔτε
975 1275 1153 1383 ἐπιστήμην

148 1357 200 1428 διά
214 1385 247 1423 το
236 1353 449 1459 ἀμυδρότερα
463 1356 540 1422 εἰναι
553 1385 613 1424 των
626 1357 752 1444 πρώτων
761 1367 894 1466 γονμοῑγ·
910 1355 987 1426 άλλά
1002 1360 1093 1440 δόξαν
1102 1363 1153 1445 μὲν

147 1452 207 1509 τῶν
222 1437 366 1543 σωμάτων
380 1444 487 1521 φησν,
454 1441 673 1524 νέπιστήμην
686 1445 719 1507 δέ
733 1442 948 1529 τῶνπράτων,
972 1444 1110 1551 διάνοιαν
1124 1446 1154 1510 δέ

147 1535 207 1592 τῶν
216 1519 417 1671 μαθημάτων..
432 1528 546 1588 τίθεται
560 1526 593 1588 δὲ
605 1526 634 1587 τί
653 1527 755 1589 καίί
719 1549 742 1588 π
741 1530 818 1591 ἰστιν
828 1531 879 1593 καί
890 1533 1032 1613 εἰκασίαν,
1043 1528 1154 1594 τοάτων

148 1607 228 1693 δέτή
230 1634 249 1672 ν
262 1608 316 1691 μὲν
330 1610 429 1671 πίστιν
442 1632 501 1672 των
517 1604 731 1715 αἰσθητων,
700 1611 798 1712 τηνδέ
811 1614 945 1677 εἰκασίαν
958 1641 1018 1679 των
1033 1611 1155 1679 εἰκόνων

146 1696 200 1760 καί
208 1636 362 1759 εἰδώλων·
385 1693 448 1756 ἐπεί
465 1693 498 1757 δέ
517 1687 719 1777 ήδιαλεκτική
733 1691 923 1777 ἰσχυρότατον
936 1722 997 1760 των
1011 1695 1141 1781 μαθημ’
1120 1724 1153 1762 ιι-

147 1805 221 1858 των,
239 1803 289 1844 ατε
305 1779 357 1842 καί
370 1772 484 1862 περί
452 1802 488 1842 τα
503 1785 576 1843 θεῖα
588 1802 640 1841 και
630 1777 765 1881 βέβαια
771 1781 876 1860 γινομέ
874 1805 922 1860 νη,
941 1775 992 1842 διδι
1005 1790 1092 1846 τοῦτο
1106 1781 1155 1846 καί

148 1832 285 1967 άνωίἐρω
299 1887 359 1927 των
373 1858 561 1966 μαθημάτων
574 1858 718 1939 σάπεται,
742 1858 839 1947 ωσπερ
858 1859 986 1947 θριγκός
1000 1888 1045 1939 τις
1058 1863 1154 1952 υπάρ-

147 1966 241 2033 χουσα
254 1974 275 2030 η
260 1941 464 2051 ”ιγυλακι“ρ
423 1974 484 2013 των
498 1954 618 2014 λοιπῶν.

233 2040 306 2095 VIII.
326 2039 417 2095 Μετα
437 2033 470 2098 δέ
488 2039 583 2099 ταῦτα
603 2034 750 2138 ἕπομέγως
768 2033 836 2140 περί
855 2057 915 2097 των
934 2024 1042 2139 άρχων
1055 2057 1086 2097 τε
1106 2036 1155 2099 καί

146 2125 206 2184 τῶν
218 2122 403 2222 θεολογικων
416 2117 545 2225 λέγωμεν
557 2115 776 2223 θεωρημάτων,
793 2115 914 2182 άνωθεν
928 2141 988 2181 απο
1000 2142 1061 2182 των
1074 2115 1154 2222 πρά-

145 2228 206 2269 των
220 2196 240 2266 ά
277 2198 378 2285 άμενοι
392 2196 475 2265 καί’
457 2197 511 2267 μετ’
528 2198 627 2269 αάνων
644 2228 792 2278 κατιοντες
803 2204 854 2266 καί
865 2197 1132 2280 ἐπισκοπονντες
1101 2228 1154 2284 την

144 2294 199 2351 τοῦ
219 2304 332 2368 κοσμνν
345 2287 469 2388 γένεσιν,
487 2294 672 2365 τελευτωντες
686 2290 719 2352 δέ
731 2290 772 2361 εἰς
786 2281 959 2392 άνθράπων
977 2287 1092 2370 γένεσιν
1105 2287 1154 2350 καί

146 2367 250 2473 φάσιν.
265 2371 318 2432 καί
331 2367 450 2451 πρῶτόν
462 2395 497 2453 γε
510 2372 578 2454 περὶ
590 2369 664 2475 υλχς
673 2373 811 2453 λέγωμεν.
832 2367 943 2450 ταύτην
951 2374 1054 2435 τοίνυν
1066 2373 1153 2477 ἐκμα-

145 2448 228 2554 γεῖάν
240 2476 271 2516 τε
284 2453 336 2515 καί
330 2453 488 2555 πανδεχὲς
502 2455 554 2516 καδ
545 2455 699 2557 τιθήνην
715 2453 767 2516 καί
755 2455 889 2556 μητέρα
902 2455 954 2518 καί
974 2480 1073 2540 χωραν
1087 2451 1170 2537 όνοχ

146 2532 231 2618 μάζει
251 2536 303 2598 καί
322 2529 555 2639 νπονείμενον
539 2532 634 2600 απτόν
652 2561 683 2601 τε
699 2561 751 2620 μετ
755 2529 989 2644 ’ἀναισθησίας
1004 2541 1056 2603 καί
1069 2538 1155 2626 νάθιμ

146 2625 277 2726 λογισμῷ
291 2614 418 2700 ληπτόν·
434 2615 566 2724 ἰδιότητα
582 2620 614 2684 δὲ
629 2622 705 2704 ἔχειν
718 2619 867 2705 τοιαύτην,
884 2620 957 2687 ὥστε
966 2603 1155 2722 πᾶσανγένε-

146 2726 196 2771 σιν
207 2700 407 2787 ὑποδέχεσθαι
418 2699 576 2809 τιθήνης
557 2699 645 2788 λόγον
655 2706 859 2812 ἐιιέχονσαν
829 2733 871 2772 τω
858 2708 986 2790 φέρειν
1001 2697 1093 2807 αιἰτάς
1104 2709 1155 2771 καί

146 2784 356 2897 αναδέχισθαι
359 2781 463 2892 μέγ’
424 2814 520 2873 αυτην
532 2786 682 2855 πάντατά
669 2784 772 2896 ’ζείδη
795 2772 890 2872 αάτήν
911 2792 943 2854 δέ
963 2780 1041 2851 καθ’
1059 2784 1155 2874 αὑτήν

257 2870 286 2937 ’ν
296 2898 328 2938 τε
339 2868 484 2959 ὑπάρχειν
497 2872 584 2937 καί’
563 2897 672 2940 αποιον
687 2878 738 2940 καί
754 2871 895 2949 άνείδεον,
912 2867 1153 2982 άναματτομένην

145 2962 165 3023 δ
197 2952 236 3021 τά
248 2963 370 3021 τοιαῦτα
387 2961 440 3022 καλ
453 2960 673 3064 ἰκριπνουμένηυ
693 2956 831 3041 καθάπερ
848 2958 1004 3040 ἐκμαγεῖον
1017 2959 1069 3021 καί
1083 2979 1152 3043 σχη-

144 3036 381 3144 μσνγζομένην’
359 3035 425 3105 νπδ
447 3039 577 3120 τοάνων,
570 3044 698 3149 μηδέγ
718 3047 796 3106 ἴδιον
816 3047 914 3123 σχῆμα
933 3042 1059 3147 ἔχουσαν
1079 3044 1153 3126 μηδὲ

144 3119 296 3209 ποιότητα.
314 3116 350 3186 νά
355 3120 424 3227 γάρ
438 3123 586 3211 γένοιτ”’
565 3154 605 3192 αν
618 3153 647 3192 τι
660 3152 693 3192 ευ
681 3118 981 3234 παρεσκευασμένον
997 3121 1073 3231 πρὸς
1085 3152 1150 3192 ποι-

144 3210 231 3317 ιχίίνς
247 3203 424 3285 ἰκτννιόσεις
437 3211 489 3275 καί
503 3208 642 3315 μορφάς,
652 3215 679 3277 εἰ
697 3205 762 3316 μή
753 3209 861 3276 άποιον
874 3203 946 3275 αότδ
959 3205 1088 3317 νπάρχοι
1101 3213 1151 3276 καί

144 3322 167 3363 α
154 3290 288 3402 ’μέτοχον
303 3295 423 3360 ἐκείνων
438 3320 498 3360 των
512 3291 642 3373 εἰδων,
629 3322 650 3360 α
643 3293 716 3361 δεῖ
725 3289 797 3360 αάτο
786 3290 1003 3373 δέξασθαι·
991 3322 1112 3401 ορωμεν
1120 3297 1151 3360 δὲ

69 3414 91 3544 χ
143 3381 198 3453 καί
217 3405 286 3460 τους
304 3375 343 3447 τά
363 3372 526 3464 άλείμματα
546 3382 575 3459 ἐξ
597 3347 695 3447 ἐλαίου
717 3376 1032 3458 κατασκευάζοντας
1000 3407 1037 3444 τα
1054 3376 1150 3461 εάωδη
