2408 3764
406 184 677 247 ΕΠΙΣΤΟΛΗ
695 178 726 262 ἴ.
1032 187 1075 253 43

67 345 223 435 τὸνέμδν
239 344 357 433 λόγον
381 343 560 434 ὁμοίως
522 371 587 433 γαρ
605 341 649 413 ἂν
666 345 752 416 αάτοι
739 345 901 438 ἐσέβετο
917 352 1000 437 ἐμοί,
1019 351 1075 417 καὶ

47 516 50 523 ,
68 446 133 517 οὐκ
144 444 188 517 ἂν
200 444 285 516 αάτα
272 436 486 533 ἐτόλμησεν
508 451 555 526 είς
571 441 799 531 ἀναρμοστίαν
815 453 871 518 καὶ
887 447 1074 539 άπρέπειαν

67 546 254 637 ἐκβάλλειν.
273 571 353 614 ουτε
364 571 429 633 γαρ
440 542 696 630 υπομνρματων
705 570 801 634 χαριν
812 574 899 618 αντα
886 549 1072 636 ἐνραψεν·

67 642 221 715 οὐδὲν
182 671 247 733 γαρ
259 642 375 713 δεινὸν
392 641 437 730 μή
455 666 506 720 τις
523 637 607 709 αὐτὰ
625 641 833 734 ἐπιλάθηται,
850 647 911 715 ἐὰν
923 645 1010 727 άπαξ
1027 652 1069 736 τῇ
1087 659 1108 711 R

65 744 349 835 ψυχῇπεριλάβῃ
374 764 513 810 παντων
523 764 588 828 γαρ
601 741 638 807 ἐν
649 744 867 828 βραχυτάτοις
878 760 998 814 κεῖται
1011 772 1073 832 φι-

66 842 314 932 λοτιμίιιςδὲαί
279 837 642 927 αίσχράςείπερένεκα,
664 834 735 905 εἴθ’
754 834 800 917 ὥς
818 838 1073 931 αὑτοῦτιθέμε·

65 968 126 1022 νος
138 937 201 1009 εἶθ’
217 938 263 1018 ὡς
274 939 426 1015 παιδείας
437 933 479 1022 δὴ
490 935 664 1022 μέτοχος”
636 961 697 1021 ων,
705 927 745 1021 ἧς
756 931 821 1004 οάκ
833 933 956 1016 άιξιος
933 966 977 1024 ην
987 940 1072 1028 ἀγα-

66 1063 143 1107 πων
154 1034 305 1115 δοξαν
269 1059 332 1120 την
342 1057 400 1119 της
410 1057 547 1119 μετοχρς
558 1035 755 1120 γενομένην
779 1040 811 1103 εί
819 1027 935 1122 ἐν
893 1060 956 1103 ουν
969 1040 1005 1103 ἐκ
1014 1045 1111 1124 τηςρ

68 1142 146 1224 μιᾶς
159 1136 341 1211 συνουσίας
350 1136 522 1221 Διονυσίω
536 1135 636 1198 τοῦτο
647 1132 829 1220 γέγονε,’
788 1129 863 1219 παρ’
877 1127 921 1200 άν
932 1141 998 1219 εἴη
1017 1137 1074 1218 γί-

69 1228 196 1317 γονεδ’
211 1255 274 1297 ουν
284 1252 384 1315 οπως,
397 1235 475 1296 ίττω
487 1227 584 1316 Ζεάς,
597 1226 735 1316 φησὶν
720 1255 739 1298 ο
757 1237 919 1319 Θηβαῖος
942 1235 1011 1312 διεξ
994 1235 1074 1317 ξῆλ-

69 1323 320 1450 θονμὲνγάρ’
295 1353 341 1407 ως
353 1323 450 1394 είπόν
466 1351 503 1394 τε
520 1324 586 1413 ἐμοὶ
603 1329 659 1395 καὶ
676 1326 762 1410 ἅπαξ
783 1327 951 1418 μόνον,”
926 1348 1074 1416 υστερον

69 1424 159 1496 δὲ’
118 1453 160 1494 ου
171 1425 307 1495 πάποτε
318 1430 376 1493 ἐτι.
399 1427 532 1494 ἐννοεῖν
542 1425 585 1511 δὴ
597 1423 694 1494 δεῖ
659 1452 697 1495 το
712 1425 794 1514 μετὰ
804 1435 917 1516 τοῦτο,
929 1426 998 1519 ὅτῳ
1011 1431 1073 1515 μέ-

65 1532 116 1593 λει
127 1522 165 1593 ’τὸ
178 1525 255 1609 περὶ
271 1519 359 1592 αάτέι
377 1521 519 1611 γεγονὸς
536 1522 660 1614 εὑρεῖν,
677 1523 745 1615 ὅπῃ
761 1525 842 1595 ποτὲ
858 1529 988 1615 γέγονε,
1005 1534 1073 1594 τίνι

65 1619 142 1692 πότ’
166 1627 255 1714 αἰτία
275 1618 313 1690 τὸ
335 1620 564 1712 δεάτερονκαὶ
581 1623 619 1692 τὸ
637 1630 761 1712 τρίτον,
779 1626 958 1704 πλεονάκις
975 1651 1011 1693 τε
1029 1623 1071 1694 οὐ

66 1726 235 1811 διεξῇμεν·
255 1720 403 1810 πότερον
413 1721 599 1802 Διονύσιος
616 1719 765 1802 άκοάσας
780 1722 889 1808 μόνον
905 1721 991 1803 ἅπαξ
1009 1721 1072 1791 οὗ·

65 1845 130 1900 τως
142 1821 265 1888 εἰδέναι
276 1844 312 1888 τε
324 1826 429 1888 οἴεται
439 1821 495 1888 καὶ
506 1824 630 1899 ἱκανοῖς
642 1816 744 1906 οἶδεν,
758 1827 824 1887 εἴτε
835 1818 937 1901 αὐτὸς
954 1817 1066 1908 εὑρών
1085 1837 1105 1886 Β

64 1915 154 2004 ἢκαὶ
164 1915 288 2004 μαθων
299 1922 494 2007 ἔμπροσθεν
505 1914 586 2004 παρ’
608 1919 742 2004 ἑτέρων,
759 1911 780 2002 ἢ
799 1922 913 2002 φαῦλα
930 1914 1017 1985 εδναι
1030 1917 1071 1986 τὰ

65 2018 238 2102 λεχθέντα,
248 2010 270 2101 ἢ
282 2012 319 2084 τδ
333 2020 446 2102 τρίτον
456 2011 499 2083 οὐ
510 2011 591 2083 καθ’
605 2010 721 2102 αὑτόν,
733 2020 868 2101 μείζονα
883 2020 931 2104 δέ,
943 2019 999 2085 καὶ
1009 2015 1072 2085 άν-

65 2139 130 2194 τως
143 2111 207 2182 οὐκ
219 2108 263 2180 διν
275 2111 419 2194 δυνατὸς
431 2112 516 2181 εἶναι
534 2111 732 2201 φρονήσεως
748 2140 784 2182 τε
801 2118 857 2183 καὶ
875 2113 995 2203 ἀρετῆς
1011 2120 1072 2203 ζῇν

66 2212 339 2300 ἐπιμελούμενος.
360 2217 392 2280 εί
402 2213 466 2299 μὲν
476 2209 541 2300 γάρ
552 2219 678 2299 φαῦλα,
696 2219 833 2292 πολλοῖς
849 2212 994 2299 μάρτυσι
1005 2239 1072 2299 μα-

66 2327 170 2401 χεῖται
181 2311 221 2381 τὰ
240 2316 374 2381 ἐναντία
391 2314 560 2400 λέγουσιν,
577 2318 612 2381 οἳ
627 2312 704 2401 περὶ
720 2319 788 2380 των
805 2311 970 2380 τοιούτων
981 2311 1072 2399 πάμ-

66 2418 156 2479 πολυ
167 2416 354 2480 Διονυσίου
365 2411 566 2502 κυριώτεροι
576 2411 620 2480 άν
631 2409 700 2480 εἷεν
716 2417 842 2500 κριταί·
866 2416 897 2478 εί
912 2410 950 2479 δὲ
968 2408 1072 2498 εὑρη-

21 2511 44 2531 “
65 2502 198 2593 κε’ναιῆ
215 2513 455 2597 μεμαθηκέναι,
474 2507 550 2590 άξια
567 2507 601 2579 δ’
622 2502 687 2579 οὖν
705 2508 790 2580 εἶναι
809 2508 894 2597 πρὸς
916 2514 1072 2578 παιδείαν

64 2612 176 2693 ψυχῆς
193 2606 384 2694 ἐλευθέρας,
399 2615 469 2688 πως
486 2604 529 2677 άν
545 2606 591 2696 μὴ
607 2608 804 2697 θαυμαστὸς
820 2605 870 2677 οδν
887 2607 1107 2691 άνθρωποςο

65 2707 126 2773 τὸν
137 2701 288 2792 ἡγεμόνα
298 2704 429 2773 τούτων
439 2709 495 2775 καὶ
505 2708 627 2796 κύριον
644 2706 751 2788 οὕτως
769 2705 915 2792 εὐχερεῖς
932 2703 1075 2789 ἠτίμασέ

66 2801 143 2873 ποτ’
162 2801 222 2886 άν;
234 2809 312 2882 πῶς
329 2800 363 2871 δ’
383 2800 553 2892 ἠτίμασεν,
570 2805 635 2891 ἐγώ
652 2801 810 2892 φράζοιμ’
831 2800 883 2869 ἄν.
907 2798 948 2869 οὐ
961 2798 1072 2868 πολὺν

65 2902 191 2991 χρόνον
205 2901 371 2972 διαλιπών
388 2898 426 2971 τὰ
444 2900 528 2988 μετά
543 2910 655 2990 τοῦτο,
674 2904 712 2969 ἐν
723 2906 771 2991 τῷ
788 2898 943 2988 πρόσθεν
953 2905 1071 2969 Δίωνα

65 3004 132 3070 ἐῶν
142 3001 182 3070 τά
195 3003 319 3071 ἑαυτοῦ
328 3008 513 3089 κεκτῆσθαι
524 3005 580 3071 καί
596 3005 813 3087 καρποῦσθαι
823 3005 983 3087 χρήματα,
995 2997 1071 3067 τότε

66 3098 179 3170 οὐκέτ’
194 3110 246 3170 εία
256 3099 337 3182 τούς
349 3101 552 3189 ἐπιτρόπους
562 3100 671 3171 αὐτοῦ
680 3101 824 3188 πέμπειν
835 3094 885 3181 εἰς
892 3099 1070 3173 Πελοπόν-

64 3217 181 3286 νησον,
193 3199 348 3287 καθάπερ
360 3201 668 3287 ἐπιλελησμένος
627 3226 686 3286 της
702 3200 878 3285 ἐπιστολῆς
894 3198 1072 3267 παντάπα-

65 3314 136 3364 σιν·
160 3294 306 3364 εἶναι
266 3323 332 3385 γαρ
355 3295 441 3366 αὐτὰ
457 3296 499 3366 οά
512 3304 647 3379 Δίωνος
664 3294 748 3367 ἀλλὰ
769 3322 831 3366 του
852 3293 992 3384 υίέος,”
971 3319 1071 3375 οντος

64 3396 128 3484 μὲν
138 3390 326 3484 ἀδελφιδοῦ
337 3393 454 3488 αὐτοῦ,
466 3398 550 3469 κατὰ
567 3398 698 3491 νόμους
714 3388 1061 3546 ἐπιτροτεάεοὛ
