2408 3764
409 231 738 291 ΔΗΜΟΔΟΧΟΣ.
1033 232 1076 299 99

152 391 232 459 vm.
257 388 457 475 Ἀνθρώπου
468 415 517 467 τις
527 389 700 474 κατηγόρει
710 386 882 477 εὐήθειαν,
894 392 945 461 ὅτι
956 399 1075 480 ταχέως

65 493 122 561 καὶ
133 502 202 570 τοῖς
211 495 370 575 τυχοῦσιν
387 485 582 571 ἀνθρώποις
596 488 731 571 λέγουσι
748 489 906 558 πιστεύοι.
928 499 1075 571 πολίταις

65 585 203 678 μὲνγὰρ
215 588 270 654 καὶ
281 589 412 664 οἰκείοις
427 589 560 669 λέγουσι
575 584 742 652 πιστεύειν
754 586 842 666 είκός
858 590 940 656 ἐστι·
964 591 1076 659 τοιού-

63 713 134 766 τοις
147 683 180 754 δ’
192 682 397 770 ἀνθρώποις,
410 680 469 761 οῦς
487 680 565 750 οῦτε
577 679 664 749 εἶδεν
680 681 757 749 οῦτε
770 682 894 770 ἤκουσε
910 687 1076 775 πρότερον

66 782 189 867 αὐτῶν,
201 779 380 866 πιστεύειν,
395 781 451 848 καὶ
467 788 570 846 ταῦτα
583 777 645 847 ούκ
663 776 852 865 ἀγνοοῦντα
870 782 921 852 ότι
937 791 972 854 οί
983 797 1076 854 πλεῖ-

65 904 138 952 στοι
148 888 217 948 τοῖν
229 877 421 962 ἀνθρώπων
437 879 519 944 είσλν
531 874 685 958 ἀλαζόνες
701 879 757 946 καὶ
773 888 924 967 πονηροί,
941 881 1075 968 ἠλιθιό-

64 998 162 1066 τητος
178 970 315 1063 σημεῖον
335 972 376 1042 ού
399 971 541 1060 σμικρόν
562 971 655 1041 εἶναι.
677 976 733 1042 καὶ
749 982 817 1042 τοῖν
833 978 1011 1060 παρόντων
1027 1007 1076 1060 τις

65 1076 143 1165 ἔφη,
151 1070 231 1161 'M
244 1074 280 1142 δέ
289 1071 382 1164 ᾤμην
394 1073 431 1141 σε
439 1071 500 1140 τόν
509 1072 593 1159 ταχύ
603 1075 726 1141 καὶτοῦ
735 1074 894 1161 τυχόντος
903 1072 947 1143 ἀν
959 1084 1074 1147 αίσθα·
1093 1098 1114 1147 Ι)

53 1174 212 1260 ’νόμενον
225 1181 353 1240 πολλοῦ
364 1176 508 1258 νομίζειν
524 1170 618 1251 ἀξιον
631 1170 714 1238 εἶναι
730 1178 860 1259 μᾶλλον
875 1170 898 1261 ἦ
913 1173 975 1243 τόν
990 1165 1076 1263 βρα-

71 1273 161 1349 δέως.
181 1270 245 1336 Καὶ
258 1267 323 1353 γάρ
334 1275 466 1355 νομίζω,
479 1266 569 1335 εἶπεν
581 1272 714 1348 ἐκεῖνος.
741 1275 784 1337 Τί
798 1262 871 1358 ούν,
889 1277 964 1358 ἔφη,
976 1275 1075 1359 ἐγκα-

70 1374 144 1450 λεῖς,
150 1372 188 1436 ἐί
194 1367 277 1453 ταχύ
288 1369 343 1436 καὶ
353 1381 421 1446 τοῖς
437 1373 575 1453 τυχοῦσι
590 1367 737 1435 πιστεύει
754 1365 887 1456 τάληθῆ
904 1373 1074 1455 λέγουσιν;

68 1567 177 1649 ψευδη
189 1567 353 1649 λέγουσιν.
374 1569 418 1632 Εἰ
427 1560 459 1630 δ’
474 1566 511 1630 ἐν
521 1570 649 1631 πλείονι
664 1564 775 1653 χρόνῳ
796 1567 851 1632 καὶ
869 1563 910 1632 ού
930 1580 998 1645 τοῖς
1014 1592 1075 1633 τυ-

65 1664 336 1746 χοῦσινέπίστευε
343 1660 561 1747 καὶήπατάτο,
571 1659 634 1729 ούκ
641 1658 886 1742 ἀνένεκάλεσας
893 1660 982 1753 αύτῷ
990 1672 1075 1750 μῦλ-

66 1766 143 1841 λον;
157 1757 278 1844 ’Ἐγωγ’
289 1759 343 1844 ἀν,
356 1757 456 1827 εἶπεν.
476 1751 555 1846 Ἀρα
568 1760 652 1826 διότι
662 1782 701 1843 γε
711 1761 858 1845 βραδέως
875 1765 931 1826 καλ
949 1759 1075 1841 αὐτοῖς
1093 1785 1112 1833 Ε

65 1863 223 1943 τυχοῦσιν
234 1860 418 1938 ἐπίστευεν;
428 1856 488 1925 Μά
499 1857 570 1945 Δί’,
584 1856 683 1924 εἶπεν.
705 1854 758 1924 Ού
769 1855 834 1943 γάρ
846 1855 938 1944 οἶμαί
945 1857 986 1946 γ’,
998 1863 1072 1945 ἔφη,

66 1950 122 2021 διά
133 1952 225 2025 τοῦτ’
244 1958 395 2041 ἐγκαλεῖν
410 1955 580 2046 ἀνθριπρι
602 1955 696 2034 ἀξιον
712 1953 797 2022 εἶναι
814 1952 1071 2044 ὑπολαμβάνεις,

66 2051 150 2122 ἀλλά
163 2054 246 2122 διότι
258 2056 404 2123 πιστεύει
420 2057 575 2138 λέγουσιν
586 2052 715 2121 ἄπιστα.
729 2050 864 2138 Ἔγωγ,
877 2053 977 2122 εἶπεν.
1000 2054 1072 2121 Πό-

65 2176 164 2238 τερον
179 2147 252 2236 οὖν,
264 2157 338 2239 ἔφη,
351 2153 405 2220 διά
418 2156 481 2238 μὲν
490 2152 526 2220 τό
539 2153 686 2240 βραδέως
700 2154 756 2219 καί
770 2151 817 2237 μη
835 2165 902 2229 τοῖς
916 2161 1073 2237 τυχοῦσιν

67 2249 236 2317 πιστεύειν
253 2250 315 2318 ούκ
333 2261 396 2319 οίει
413 2250 507 2331 ἀξιον
518 2249 602 2318 εἶναι
614 2252 764 2335 ἐγκαλεῖν
782 2246 883 2336 αύτῷ,
903 2248 956 2316 διά
979 2252 1015 2317 δὲ
1033 2245 1070 2319 τό

66 2349 189 2429 ταχέως
211 2351 357 2428 καὶτοῖς
376 2358 512 2437 τυχοῦσι
535 2347 703 2417 πιστεύειν
725 2346 835 2429 ἀξιον;
866 2344 939 2415 Ούκ
961 2345 1072 2434 ἔγωγ’,

67 2439 168 2508 εἶπεν.
193 2451 234 2510 Τί
242 2438 316 2531 ούν,
332 2453 406 2534 ἔφη,
425 2452 573 2534 ἐγκαλεῖς
588 2445 695 2537 αύτχῦς
707 2443 778 2514 ’Ότι
798 2443 990 2534 ἀμαρτάνει,
1006 2449 1071 2533 πρό

66 2547 130 2607 τοῦ
145 2542 330 2620 σκέψασθαι
345 2550 466 2632 ταχέως
481 2546 646 2614 πιστεύων
662 2559 729 2624 τοῖς
747 2554 914 2631 τυχοῦσιν.
935 2543 1026 2612 Ἀλλ’
1045 2550 1075 2612 εί

67 2642 216 2725 βραδέως
227 2641 396 2708 ἐπίστευσε
407 2642 471 2726 πρὸ
489 2653 550 2711 τοῦ
567 2648 766 2727 σκέψασθαι,
785 2641 846 2709 ούκ
864 2639 907 2709 ἀν
924 2639 1073 2726 ἡμάρτα-
1088 2661 1142 2718 386

67 2763 141 2817 νεν;
158 2737 216 2805 Mo}
227 2737 297 2822 Δί’,
311 2737 411 2822 εἶπεν,
424 2738 505 2808 ἀλλά
517 2743 572 2809 καὶ
584 2740 689 2820 οὕτως
705 2740 895 2827 ἡμάρτανεν
914 2737 957 2804 ἀν
973 2737 1072 2805 οῦδὲν

67 2826 175 2920 ἧττον.
195 2833 270 2903 ἀλλ’
282 2833 325 2903 ού
336 2849 403 2916 τοῖς
415 2844 573 2930 τυχοῦσιν
584 2837 675 2923 οἶμαι
692 2842 762 2904 δεῖν
778 2835 955 2902 πιστεύειν.
981 2841 1023 2902 EI
1037 2834 1072 2902 δὲ

67 2931 111 3019 μὴ
136 2937 304 3001 πιστεύειν
324 2947 392 3012 τοῖς
417 2940 585 3020 τυχοῦσιν,
607 2941 681 3021 ἔφη,
704 2941 765 3000 οίει
791 2938 871 3018 δεῖν,
894 2931 977 3001 ἀλλά
1005 2946 1074 3011 τοῖς

67 3026 194 3114 ἀγνῶσι
211 3039 281 3111 πῶς
291 3031 451 3119 προσήκει
466 3035 589 3119 ταχέως
603 3028 785 3112 πιστεύεινς
808 3027 891 3099 ἀλλά
908 3029 1073 3119 πρότερον

68 3138 130 3195 οίει
152 3133 221 3197 δεῖν
244 3134 431 3210 σκέψασθαι
454 3137 484 3197 εἰ
502 3130 616 3220 ἀληθῆ
635 3134 798 3215 λέγουσιν.
820 3127 955 3217 ”Εγωγ’,
971 3127 1070 3199 εἶπεν.

65 3222 150 3294 Ἐπεὶ
171 3233 302 3296 οἰκείων
314 3232 369 3295 καὶ
383 3229 555 3316 συνήθων,
578 3237 653 3317 ἔφη,
674 3228 782 3298 ὄντων
800 3229 845 3297 ού
866 3233 920 3297 δεῖ
939 3244 1072 3297 σκοπεῖ-

68 3334 158 3410 σθαι,
172 3333 202 3394 εί
210 3332 366 3412 λέγουσιν
377 3325 497 3414 ἀληθῆ.
519 3326 599 3415 Ἐγοδ
612 3331 673 3416 μὲν
683 3335 786 3416 φαίην
798 3327 851 3413 ἀν,
864 3325 964 3395 εἶπεν.
977 3327 1072 3406 Ἴσως

66 3422 132 3507 γὰρ
151 3427 205 3490 καί
221 3425 351 3493 τούτων
367 3428 462 3515 τινές,
480 3431 555 3518 ἔφη,
573 3432 729 3517 λέγουσιν
747 3427 974 3558 ἀπιστα,ἱζυ).
985 3424 1099 3506 μόλω,

206 3534 208 3537 ’
850 3523 870 3579 'I
