2408 3764
62 183 117 241 ον’
202 148 206 159 ’
322 190 325 200 ·
435 178 718 239 υιΣΑΓτιυιι.
1013 179 1073 245 181

64 335 149 405 διττά
165 341 197 404 66
190 335 317 446 άγαθά
335 342 409 421 ἐστι,
429 367 466 404 τα
454 336 535 421 μὲν
552 335 745 424 άνθρύπινα,
763 338 800 406 66
817 344 850 408 δὲ
866 350 951 424 θεῖα,
969 339 1069 408 καί
1037 370 1092 408 66-

65 427 130 532 ἕξής
145 422 272 501 τούτοις
295 429 321 488 εί
332 426 401 488 δέτι
419 425 632 529 κεχωρισμένον
649 427 761 527 καὶτοῦ
773 423 892 533 πρύτου
908 433 960 530 τῆς
970 422 1074 531 ούρίας

65 505 208 596 άμέτοχον
217 505 392 594 ὑπάρχει,
384 510 436 572 καί
452 516 537 573 τοῦτο
553 501 612 572 6666
631 517 690 573 6036
707 503 843 618 ήνοήτων
858 506 1010 620 άγαθὸν
996 505 1072 576 0666-

65 614 203 697 μηστυιι,
206 601 291 658 τούτο
309 594 342 656 δέ
359 613 440 697 φησι
447 598 556 695 μεῖζον
564 589 640 656 εἶναι
656 600 697 700 66
710 595 803 674 ἔχοντι
815 621 910 661 κακον
921 598 953 660 ἐν
964 590 1072 698 6666-

65 673 195 783 6666.
185 674 231 743 ότι
247 679 279 742 δὲ
266 678 345 742 ὲκαί
359 673 456 755 [κατά]
469 672 522 752 τάς
538 669 643 760 άρετάς
659 675 758 780 ήγεῑτυ
776 674 852 781 είγαι
871 674 907 784 66⁹
923 675 1013 756 αύτάς
1025 683 1072 744 αἱ

66 741 157 866 ρετάς,
176 759 215 867 669
231 756 402 826 σἰκόλουθόν
416 787 450 865 γε
464 762 634 846 ληπτέον
604 767 646 823 τά
664 756 757 843 μόνον
777 755 868 824 66666
878 758 1023 846 ήγεῖσθαι
1040 759 1072 828 τὸ

65 843 159 910 καλὸν
181 843 321 948 άγαθόν·
345 848 396 909 καί
414 841 452 926 δή
469 845 502 908 ἐν
513 848 661 921 πλείστοις
679 851 764 946 60666
781 838 862 930 6666
850 848 1090 912 ἐπιδέδεικται·

65 934 115 1037 6666
127 928 253 1012 μάλιστα
270 926 321 993 ἐν
287 927 366 1038 όλη
377 955 413 1033 66
399 933 570 1016 Πολιτεία.
598 923 653 994 τόν
663 921 763 1009 μὲν
728 953 786 1031 γαρ
797 909 989 1011 ἐπιστήμηνί
985 957 1072 1034 χοντγι

64 1011 119 1097 τήν
134 1014 349 1118 προειρημίγην
361 1008 574 1119 εὐτυχέστατον
546 993 651 1077 εἶναι
661 1015 713 1078 καί
724 1006 1053 1115 εύδαιμονίστατον,’
1015 1040 1075 1097 υνχ

65 1100 201 1163 ἕνεκα
162 1124 221 1199 666
230 1103 337 1201 τιμῶν,
357 1124 399 1162 66
409 1104 539 1202 τοιρῦτος
550 1091 593 1161 66
608 1096 756 1202 λήψεται,
762 1091 832 1200 0666
846 1098 992 1199 μισθων“
977 1121 1071 1163 ενεκα

65 1177 141 1246 άλλά
160 1177 218 1245 κάν
233 1179 346 1257 πάντας
363 1177 501 1268 λανθάνη
517 1179 697 1284 ἀνθρώπους
715 1176 822 1246 πάντά
837 1177 1005 1283 λεγόμενα
994 1178 1074 1244 κακά

65 1262 190 1330 εἶναι
158 1290 222 1367 0606
238 1260 320 1345 άτιμί
319 1291 350 1328 αι
365 1268 416 1329 καὶ
433 1267 543 1370 ρυγοιί
544 1269 595 1330 καὶ
611 1263 739 1331 θάνατοι
754 1271 954 1369 συμβαίνωσι
977 1258 1029 1329 666
1041 1267 1088 1329 δὲ.

65 1352 153 1456 χωρίς
163 1347 269 1431 ταύτης
281 1355 332 1430 τής
343 1344 543 1432 ἐπιστήμης
511 1375 548 1413 τοι
558 1347 734 1454 νομιζόμενα
744 1343 871 1452 άγαθά
859 1346 958 1413 πάντα
968 1375 1069 1455 κεκτη-

64 1435 201 1542 μέγυν,ο
186 1431 250 1498 οἷον
260 1440 389 1499 πλούτου
400 1436 451 1497 καλ
465 1438 616 1515 βασιλείαν
625 1432 755 1518 μεγάλην
765 1436 817 1497 καὶ
828 1431 961 1538 σήματος
969 1431 1073 1518 ὑγείαν

64 1543 115 1582 κοιι
127 1509 286 1600 εὐρωστίαν
301 1519 352 1580 καί
363 1515 477 1597 κάλλος,
490 1520 582 1621 μηδέν
591 1544 620 1582 τι
630 1526 741 1602 μᾶλλον
753 1515 828 1583 εἶναι
836 1513 1006 1623 εήδαίμονυ.

148 1609 273 1665 XXVIII.
295 1598 348 1677 Οίς
358 1610 449 1666 πᾶσιν
461 1600 631 1669 άκόλουθον
641 1605 720 1678 τέλος
731 1603 845 1712 ἕξέθετρ
856 1599 1000 1707 ὁμοίωσιν
1008 1610 1071 1689 θεῷ

64 1679 141 1748 6666
151 1709 183 1748 το
171 1680 336 1749 6066666·
349 1692 488 1763 ποικίλως
500 1688 532 1752 66
541 1695 627 1752 τοῦτο
638 1713 698 1770 χειρ
700 1691 760 1763 ί.ζει
773 1711 843 1790 ποτε
833 1682 952 1768 '¹666
918 1713 976 1771 γαρ
988 1682 1070 1767 ὁμοί-

66 1789 137 1833 ωσιν
155 1777 219 1856 θεῷ
236 1766 350 1874 λέγει
322 1794 353 1834 το
366 1770 513 1855 φρόνιμον
529 1773 580 1835 καί
592 1775 709 1835 δίκαιον
721 1773 772 1834 καί
782 1766 865 1836 ὅσιον
877 1769 1006 1849 εἶναι,
988 1798 1027 1873 ως
1039 1773 1071 1833 ἐν

64 1835 230 1958 Θεαιτήτῳ·
248 1849 358 1919 διὸκαὶ
373 1863 536 1963 πειρᾶσθαι
552 1850 854 1957 ηρή[ναι]ἕνθέ’νόε
841 1863 933 1919 εκεῐσε
937 1852 1072 1957 φεύγειν

64 1933 109 2002 ότι
118 1935 252 2019 τάχιστα·
271 1965 354 2046 φυγη
341 1935 402 2004 66
417 1938 554 2044 ὃμρίωσις
565 1947 629 2042 θεῷ
640 1933 716 2003 κατά
726 1965 759 2003 το
747 1933 912 2005 δυ·νατόν
933 1931 1071 2041 ὁμοίωσις

65 2023 97 2086 δὲ
108 2025 225 2086 δίκαιον
241 2023 323 2088 κάλ’
307 2042 390 2089 οσιον
400 2019 472 2105 μετά
490 2004 660 2108 φρονήσεως
670 2024 823 2105 γενέσθαι·
841 2024 911 2087 ποτὲ
929 2023 961 2086 δὲ
977 2019 1072 2124 μόνον

65 2131 97 2210 66
84 2101 226 2208 ρλίκαιον
235 2103 358 2187 εἶναι,
339 2134 378 2182 ως
395 2109 427 2170 ἐν
442 2133 483 2193 66
469 2112 646 2213 666666666
664 2114 715 2190 τῆς
726 2112 895 2182 Πολιτείας·
915 2101 950 2169 ού
961 2101 1020 2189 γάρ
1033 2101 1070 2186 δή

64 2185 123 2253 6666
140 2196 222 2253 θεῶν
237 2191 307 2255 ποτὲ
323 2171 485 2296 άμελεῖταί,
515 2187 547 2267 ὃς
563 2186 602 2255 66
623 2200 863 2295 πρρθυμεῑσθαι
863 2199 888 2253 θ
890 2192 939 2295 ἕλη
958 2193 1072 2264 δίκαιος
1106 2206 1111 2213 “

65 2275 272 2377 γενέσθαικαὶ
294 2268 507 2358 6666666666’
489 2269 597 2368 αρετήν
612 2272 686 2351 είς”
669 2295 740 2339 οσον
758 2268 888 2339 6666666
905 2271 1071 2376 άνθρριπογ

65 2352 245 2458 ὁμοιοῦσθαι
260 2366 332 2445 θεῷ.
349 2361 382 2424 ἐν
399 2362 432 2425 δὲ
444 2385 485 2448 66
472 2354 664 2425 “666666
647 2363 792 2464 ρμοίωσιν
806 2365 871 2462 θεῷ
882 2352 997 2461 λέγει
969 2382 1002 2421 60
1014 2353 1071 2422 66'-

66 2463 165 2522 φρονα
180 2435 241 2523 άμα
256 2425 311 2507 καί
323 2447 441 2509 δίκαιον
449 2425 647 2593 γενέσθαι,
626 2441 705 2510 0666
720 2467 797 2521 ποις
810 2435 1070 2547 ούκούγεύδυιμο-

65 2527 208 2634 νίστριτοι,
227 2527 294 2608 ἔφη,
311 2531 362 2592 καὶ
377 2556 505 2641 μακρριο
506 2533 589 2595 ίείσι
599 2557 650 2594 και
641 2531 751 2638 είςίβ
751 2537 865 2595 λτιστον
875 2525 967 2593 τόπον
979 2524 1071 2629 ἰόντες

67 2611 97 2673 οί
93 2601 167 2710 τήν
177 2607 340 2693 δημοτικήν
354 2639 385 2677 τε
401 2616 451 2678 και
466 2609 650 2696 πολιτικήν’
633 2612 744 2720 αρετήν
755 2607 1052 2720 ἕπιτπηδρυκόρες,
1031 2635 1072 2717 ηγ

67 2686 104 2772 δή
116 2699 240 2757 καλοῦσι
252 2695 450 2778 σωφροσύνην
459 2723 490 2763 τε
505 2699 557 2761 καί
573 2698 775 2801 δικαιοσύνην
787 2697 900 2802 πορθ
867 2722 921 2797 μεν
932 2690 1011 2775 δή
982 2720 1014 2757 το
1026 2697 1071 2756 ιε’-

66 2783 116 2884 λρς
132 2771 321 2881 ὁμοιωθῆναι
336 2786 399 2865 θεῷ
411 2782 495 2889 λέγει,
511 2775 620 2852 60666’
634 2777 800 2886 6'66666663‘
781 2806 819 2881 ως
830 2775 943 2843 ὁπόταν
954 2781 1047 2878 είπη
1054 2771 1080 2839 6·

67 2861 120 2941 μὲν
138 2857 176 2965 δή
190 2859 271 2967 θεός,
289 2844 454 2972 κριθάίτερὸ
466 2859 594 2973 πυλωρὸς
609 2860 703 2965 λόγος,
721 2888 828 2968 αρχην
826 2886 856 2926 τε
873 2864 924 2925 καί
926 2854 1072 2966 τελερτήν

67 2941 159 3008 καὶ
128 2970 164 3009 τα
180 2945 294 3023 τούτοις
311 2949 390 3029 ἓξής·
407 2971 478 3013 ποτε
466 2941 559 3012 δὲ’
541 2945 704 3051 αμφότεροι,
722 2943 761 3058 ής
772 2941 884 3049 6666666
894 2953 955 3056 φή
973 2938 1029 3026 τήν
1040 2945 1073 3008 δὲ

66 3036 130 3134 θεῷ
142 3032 286 3136 ἑπομένην
296 3056 326 3096 τε
336 3035 387 3097 καὶ
397 3033 573 3140 6666666'666
582 3027 684 3135 ψυχην
693 3033 745 3095 και
755 3025 791 3094 66
801 3027 915 3106 τούτοις
926 3033 975 3112 εξή
976 3057 1000 3104 ς.
1021 3029 1073 3092 καί

67 3112 126 3218 γάρ
136 3139 180 3178 τοι
190 3142 242 3201 της
252 3109 420 3227 άρελείας’
392 3112 505 3222 αρηή
488 3142 520 3181 60
508 3110 658 3228 άγαθόγ,
676 3123 762 3221 66666
773 3116 848 3179 δὲέκ
857 3118 973 3179 θεοῦ”
944 3135 1070 3198 ειρηται·

68 3191 297 3265 άκόλουθον
259 3227 314 3266 ουν
328 3210 372 3310 μή
383 3197 460 3290 άρχη
477 3227 509 3266 το
498 3196 646 3277 τέλος”
617 3226 662 3284 ειη
677 3195 758 3265 6666
770 3202 1071 3308 650606666666666,

67 3291 131 3386 θεῷ
150 3285 284 3396 66666666
300 3293 342 3375 66
358 3289 539 3392 ἐπουρανίῳ,
555 3281 642 3374 μή
613 3311 653 3349 66
670 3281 712 3366 μά
732 3291 793 3349 Δία
808 3284 1058 3390 υπερουρανίῳ,
1040 3260 1073 3358 λος

69 3361 125 3431 0666
143 3362 249 3452 άρετήν
267 3351 332 3454 ἕχεή
351 3365 524 3454 άμείνωνδ’
543 3372 602 3435 ἐστὶ
618 3351 740 3455 ταύτης·
763 3367 838 3436 ὅθεν
853 3365 991 3455 όρθῶςό
971 3397 1012 3436 66
1027 3395 1072 3445 τις
1118 3374 1135 3477 ή
