2408 3764
67 192 131 258 372
475 194 663 253 ΣΧΟΛΙΑ
1029 202 1087 258 m

71 353 229 458 Θηρεδςδέ
241 352 312 439 μετὰ
323 381 374 420 και
384 379 446 420 των
455 362 568 420 λοιπαν
577 380 653 419 κατα
669 350 701 419 τὸ
712 359 811 439 τρίτον
829 357 931 433 έτος’
903 380 945 432 εις
956 350 1012 422 τὸν
1030 362 1086 422 δα-

68 435 143 546 σμὸν
153 442 319 544 καταλεγεὶς
328 437 421 505 τόντε
431 436 637 523 Μινώταυρον
653 432 785 543 ιἰναιρεῖ,
806 437 957 505 καλπαήει
973 437 1034 523 τήν
1045 446 1085 517 είς

68 522 189 610 Κρήτην
198 547 320 606 πομπήν
329 549 382 589 του
368 527 516 628 δασμου
530 525 598 609 περὶ
608 548 715 587 τουτου
727 549 782 587 ουν
792 521 925 587 ντοιυθα
934 533 1083 606 φησινΒ

151 617 183 671 D.
205 614 349 691 φλαῦρον]
364 605 475 716 κακήν,
494 602 534 710 ὥς
550 614 617 688 νῦν,
628 634 648 712 η
635 602 834 688 φαῦλον,”“
811 614 963 710 ηκορλφον
973 607 1082 674 κακόν.

67 693 142 768 τινές
154 693 185 756 66
195 692 372 778 φλαῦρον
339 717 393 773 μιν
403 687 436 756 τὸ
446 687 554 776 μικρὸν
564 690 668 771 κακόν,
682 697 799 771 φαῦλον
812 687 885 754 δὲ
857 715 890 757 το
901 693 986 776 μέγα.
1001 700 1040 756 Β.

288 1037 384 1105 ΕΙΣ
421 1037 566 1105 ΤΟΥΣ
601 1037 848 1105 ΝΟΜΟΤΣ.

492 1177 664 1187 ..n-.—

551 1263 590 1320 A.

140 1346 346 1455 ΟἈθηναῖος
364 1344 451 1431 οὗτος
467 1357 552 1458 ξένος
566 1360 721 1438 πεποίηται
738 1357 870 1418 ἐνταῦθα
880 1345 987 1456 είςτην
996 1349 1079 1456 Κρή·

64 1461 120 1541 την
131 1429 243 1517 ολπιολν,
259 1439 320 1500 ἔστι
330 1439 363 1502 ’δέ
372 1433 552 1520 Πλάτων,
532 1464 572 1515 ως
583 1441 616 1503 ἐκ
626 1443 712 1503 τοῦδε
712 1433 862 1544 φανερόν
891 1428 979 1510 αὐτὸς
989 1431 1077 1519 γᾶρδ

64 1515 226 1621 Ἀθηναῖος
242 1522 354 1597 ξένοςέ
353 1548 372 1584 ν
381 1547 423 1625 τρι
410 1521 549 1626 Νόμων
566 1519 669 1605 λέγει”
652 1548 697 1586 οτι
692 1521 797 1622 ήδη
777 1544 856 1625 αυτυι
843 1516 922 1584 660
933 1526 1078 1584 πολιτεῖαι

65 1599 313 1715 προηνυσθησαν·
311 1594 422 1710 ήοῦν
403 1585 498 1670 066'
510 1607 620 1670 ἐκεῖναι
629 1602 807 1712 Πλάτωνος,
824 1581 927 1709 ήείμ
891 1608 1046 1706 μητοῦτο,
1060 1600 1077 1667 6

66 1682 154 1762 αὐτὸς
170 1681 208 1751 ἂν
224 1691 269 1797 ρῖη
284 1693 325 1753 τῶ
305 1681 487 1792 Ἀθηναίω
463 1691 587 1778 ωξένρι.
617 1714 705 1764 ουτος
717 1714 772 1753 ουν
784 1692 824 1763 εἰς
834 1685 956 1772 Κρήτην
967 1713 1075 1767 αφικο

66 1796 166 1853 μενος,
183 1773 235 1835 καὶ
250 1795 471 1857 περιτυγχανων
489 1776 545 1852 ἔξω
561 1771 619 1860 πρὸ
638 1780 690 1855 τῆς
700 1779 845 1837 Κνωσσου
854 1775 991 1856 Κλεινία
993 1795 1026 1835 τε
1025 1797 1076 1876 τφ

66 1857 172 1959 Κρητί
170 1857 221 1920 καλ
232 1861 374 1960 Μεγίλλῳ
386 1884 426 1942 τῳ
413 1860 643 1962 Λακεδαιμονί
640 1884 680 1968 ρο,
692 1857 943 1961 ἐπιτετραμμένοις
954 1834 1034 1936 μὲν
1017 1849 1076 1919 υπὸ

66 1946 125 2003 τῶν
141 1935 196 2044 τήν
206 1935 349 2008 Κνωσσὸν
354 1922 562 2046 ολιίοήντων’
544 1945 685 2009 αποικίαν
701 1937 886 2022 ποιήσασθαι
898 1941 1015 2003 έκεῖθεν
1026 1941 1076 2003 καλ

67 2021 308 2107 καταστήσασθαι
323 2022 459 2092 πόλιν
405 2052 532 2132 νομους
541 2052 572 2092 τε
581 2023 784 2129 προσήκοντας
794 2031 865 2128 τρῖς
866 2025 1000 2099 πολίταις
1011 2027 1073 2087 δια-

66 2116 181 2189 θεῖναι,
198 2117 352 2214 προσεχοῦς
356 2104 382 2173 δ’
394 2107 601 2218 ὡρμημένοις
593 2104 685 2175 ἕπλ
655 2135 689 2174 το
700 2134 753 2174 του
739 2103 865 2182 Διος’
851 2104 977 2214 ολντρον,
994 2102 1075 2209 ἱερὸν

67 2198 151 2255 τοῦτο
168 2193 326 2274 γενόμενωι
336 2188 514 2277 ἁγιώτατον,
532 2185 601 2259 ἐν
575 2221 599 2280 ῳ
610 2189 647 2258 τολ
659 2188 817 2256 σεπτότατα
828 2192 879 2255 καλ
866 2188 1074 2300 ἆρρητότατα

66 2281 126 2339 τῶν
140 2281 309 2383 μυστηρίων
324 2279 537 2343 έπετελεῐτο-
507 2257 714 2384 -περιτυηηολν
729 2266 804 2340 6
768 2301 823 2341 ουν
838 2269 976 2419 αὖτοῖςοί
982 2277 1073 2378 ξένος,

66 2359 118 2423 καλ
134 2366 227 2424 ταῦτα
212 2355 309 2464 παρ’
326 2355 427 2431 αὐτῶν
442 2359 664 2463 πυθόμενος,’
650 2359 736 2445 ήρετο
753 2361 801 2423 έπλ
816 2383 930 2434 τουτοις
946 2362 1021 2434 τίνες
1035 2353 1075 2423 ἂν

67 2439 125 2507 ελον
142 2441 221 2507 ολ
163 2469 285 2547 νομοι;
306 2445 415 2508 τῶνδέ
415 2471 472 2548 μη
459 2439 680 2547 δυνηθένρων
699 2447 812 2508 τελείαν
832 2437 998 2507 ἀποδοῦναι
1019 2437 1075 2523 τήν

67 2532 127 2590 τοδν
137 2525 237 2628 νόμον
248 2523 423 2608 διάθεσιν,“
410 2525 549 2611 οροίντοιν
560 2523 628 2592 66
601 2555 652 2593 τον
662 2530 745 2606 ξένον
755 2553 788 2591 ευ
775 2518 1074 2632 παρεσκευασμένον

66 2606 184 2693 περλ’
148 2635 248 2692 νομων
264 2611 367 2692 θέσιν,
385 2613 437 2675 κοιλ
427 2611 703 2718 παρακαλούντων
720 2609 905 2760 συλλήπτορα
923 2633 1073 2708 αυτονηε-

66 2694 220 2758 νέσθαι
183 2718 236 2774 της
244 2691 444 2840 πολιτείας,”
423 2720 572 2799 αρχεταιο
554 2691 776 2802 ’Ἀθηναῖοςξί
775 2720 825 2798 νος
842 2702 911 2796 τής
904 2688 1072 2774 τῶννόμων

68 2777 278 2851 διαθέσεως·έ
277 2802 296 2840 ν
306 2776 352 2855 οἷς
367 2777 405 2862 δή
420 2778 580 2862 οιλκέτι,”
555 2801 652 2886 ωσπερ
666 2782 698 2844 ἐν
708 2805 768 2856 τοις
775 2805 826 2882 της
828 2774 964 2883 μεηοὶλης
979 2782 1072 2841 Πολι-

67 2863 153 2963 τείρος,
164 2854 252 2924 κοινὰ
262 2858 360 2926 πάντα
369 2863 549 2950 προστάττει,
566 2859 628 2930 ἄλλ’
642 2858 783 2951 ἓκολστω’
766 2857 859 2948 αηρὸν
870 2856 1034 2963 ἆπονέμει
1021 2859 1073 2923 καλ

66 2966 140 3026 προς
148 2968 243 3031 τουτω
254 2949 360 3051 οἰκίαν,
372 2951 414 3015 ἔτι
424 2951 523 3054 μέντοι
531 2952 583 3014 καλ
593 2956 721 3052 γυναῖκα
730 2928 810 3051 λδίριν
820 2949 871 3011 καλ
880 2937 1034 3021 παιδας
1001 2968 1071 3008 ουκ

68 3028 109 3090 έτι
117 3008 258 3128 κοινοής,
281 3026 395 3136 πλήν’
377 3058 421 3098 οτι
437 3029 509 3098 ουδὲ
524 3040 615 3098 ταῦτα
633 3027 755 3116 οἶόριστυ
766 3025 904 3133 ἆφήκεν,
918 3023 995 3095 ἆλλδι
1005 3053 1074 3128 τορς

69 3107 196 3196 κλήρους
212 3117 252 3190 είς
264 3110 431 3223 ὁρωμένου
448 3111 580 3201 ἀριθμὸν
595 3139 656 3201 παρ
657 3117 748 3198 έ.λαβε
780 3111 998 3215 τεσσαράκοντα
1004 3104 1074 3219 γὰρ’

68 3196 119 3258 κοιλ
129 3193 271 3262 πέντε
222 3223 291 3275 τους
301 3200 415 3277 πάντας
426 3204 554 3285 κλήρους
564 3202 712 3304 διανέμειν
721 3193 960 3304 παρακελευεται
979 3222 1035 3278 την
1046 3198 1063 3259 δ

68 3282 166 3346 αἰτίαν
180 3289 233 3348 τοῦ
248 3282 388 3350 τοσούτου
389 3280 530 3388 ἆριθηιοῦ
546 3282 736 3388 γνωσόμεθα,
754 3281 824 3348 όταν
840 3272 931 3356 αὖτός
946 3281 1070 3362 ἐπιμνη-

66 3373 136 3452 σθῇ.
160 3361 248 3453 ὁρίζει
259 3364 396 3433 δέκαλ
364 3393 401 3433 τυ
414 3365 570 3482 τιμήματα,
588 3362 709 3452 ὅσπερὸ
724 3364 828 3433 Σόλων
839 3357 1028 3447 Ἀθηναίοις,
1046 3367 1073 3429 τί
