2408 3764
128 158 172 231 24
475 150 792 232 ααιενοιιιιϊ.

130 330 246 406 ποθεν,
259 319 319 405 ούχ
328 311 351 409 6
361 322 446 396 τινὲς
458 316 621 403 ἐδόξαζον,
634 282 708 385 ἀλλ’Χ
717 318 953 406 αίσχυνόμενος
964 319 1026 439 μὲν
1037 324 1136 409 ἐμοῦ·

130 422 191 488 τόν
201 422 238 487 τὸ
251 423 416 507 μέγιστον,
428 444 471 502 μή
461 414 621 503 δόξαιμί
632 428 711 485 ποτε
726 420 857 506 ἐμαυτῷ
874 419 1064 499 παντάπασι
1077 425 1137 491 λό-
1137 454 1141 463 “

130 544 201 642 γοις
218 517 324 614 μόνον
339 513 481 600 ἀτεχνῶς
497 514 581 584 εἶναι
592 521 652 601 τίς,
668 519 769 602 ἔργον
786 516 821 584 δὲ
839 515 1018 597 ούδενὸς”
995 545 1038 584 αν
1056 545 1137 591 ποτε

131 615 218 685 έκῶν
235 594 466 700 ἀνθάψασθαι,
488 613 722 682 κινδυνεύσειν
744 614 780 682 δὲ
798 621 985 699 προδοῦναι
1001 629 1137 741 πρῶτον

95 738 116 786 1)
133 710 241 801 μὲν
205 739 267 798 τήν
276 719 408 796 Δίωνος
424 715 534 791 ξενίαν
545 740 579 779 τε
593 715 648 782 καὶ
667 714 828 799 ἑταιρείαν
838 716 876 780 ἐν
891 711 1098 794 κινδύνοις”
1078 744 1138 786 ον-

130 837 195 891 τως
205 808 382 896 γεγονότος
393 808 435 878 ού
446 825 603 898 σμικροῖς.
624 809 683 878 εἴτ’
699 804 763 879 οῦν
780 812 886 880 πάθοι
900 838 942 898 τι,
959 811 1020 882 εἴτ’
1022 822 1025 828 ’
1040 820 1138 883 ἐκπε-

130 906 202 976 666
217 907 283 977 ὑπὸ
301 915 486 977 Διονυσίου
504 911 642 975 καὶτῶν
660 908 771 977 ἀλλων
792 912 924 995 ἐχθρῶν
942 915 1037 979 ἔλθοι
1054 905 1135 994 παρ’

128 1004 214 1102 ἡμᾶς
231 1008 368 1095 φεύγων
384 1010 439 1075 καλ
458 1005 659 1088 ἀνέροιιοί
628 1032 643 1072 ε
658 1008 745 1073 πῶν·
774 1011 800 1074 ῶ
821 995 1017 1092 Πλάτωυ,”
994 1035 1063 1094 666
1081 1028 1134 1076 σοι

131 1104 240 1191 φνγάς
249 1105 310 1225 666
321 1105 466 1173 ὁπλιτῶν
477 1103 634 1187 δεόμενος
646 1101 724 1171 οῦδὲ
736 1108 862 1173 ίππέων
873 1106 987 1192 ἐνδεής
997 1106 1133 1194 γενόμε

130 1293 258 1386 θοῦς,ή
269 1297 480 1384 σὲμάλισια’
461 1299 720 1386 ήπιστάμήνέγῶ
732 1302 922 1388 δυνάμενον
932 1301 1138 1389 ἀνθρώπους

131 1401 228 1474 νέους
239 1397 291 1462 ἐπὶ
302 1391 342 1461 τά
353 1394 466 1480 ἀγαθά
477 1396 583 1464 καὶτὰ
598 1401 708 1464 δίκαια
719 1401 947 1486 προτρέποντα
961 1405 1006 1476 είς
1017 1408 1136 1485 φιλίαν

93 1532 114 1579 E
132 1520 166 1562 τε
177 1495 232 1560 καὶ
243 1495 404 1576 ἑταιρείαν
415 1490 570 1579 ἀλλήλοις
580 1496 956 1566 καθιστάναιέκάστοτε·
969 1488 1017 1565 66
1027 1498 1137 1586 ἐνδείᾳ

133 1591 216 1659 κατά
233 1587 270 1657 τό
289 1589 350 1658 σόν
364 1593 463 1678 μέρος
475 1598 542 1658 νῦν
557 1591 621 1677 ἐγῶ
638 1595 828 1662 καταλιπων
843 1596 1066 1680 Συρακούσας
1079 1597 1136 1663 ἐν-

132 1691 219 1759 θάδε
232 1691 383 1778 πάρειμι·
394 1695 450 1758 καλ
460 1688 497 1759 τό
512 1690 573 1778 μὲν
584 1691 665 1778 ἐμὸν
675 1693 951 1784 έλαττονιόνειδός
961 1718 1014 1763 σοι
1026 1705 1135 1782 φέρεν

133 1795 314 1877 φιλοσοφία
326 1792 372 1874 δέ,
383 1789 426 1876 66
437 1790 644 1876 ἐγκωμιάζεις
655 1789 771 1860 ἀείκαὶ
783 1788 903 1878 ἀτίμως
914 1791 980 1879 φής
988 1791 1054 1862 ὑπὸ
1067 1799 1136 1860 τῶν

133 1896 259 1957 λοιπῶν
269 1885 464 1970 ἀνθρώπων
476 1891 649 1976 φέρεσθαι,
664 1897 735 1968 πῶς
746 1887 787 1956 ού
799 1893 995 1975 προδέδοται
1012 1889 1052 1957 τά
1071 1899 1138 1958 νῦν

64 2011 117 2066 329
133 1983 203 2072 μετ’
218 1988 299 2072 ἐμοῦ
313 1991 412 2073 μέρος
423 1985 506 2054 ὅσον
516 1988 568 2054 ἐπὶ
578 1989 629 2054 σοὶ
644 1990 776 2072 γέγονε;
797 1990 852 2053 καὶ
862 1992 1020 2070 Μεγαροῖ
1032 1991 1094 2072 μὲν
1110 1993 1140 2056 εί

132 2091 363 2162 κατοικοῦντες
373 2083 605 2169 ἐτυγχάνομεν,
618 2076 721 2170 ήλθες
738 2085 780 2170 δή
798 2093 865 2151 που
884 2083 926 2149 ἀν
940 2109 996 2168 μοι
1011 2088 1139 2167 βοηθός

133 2178 188 2267 ἐφ’
210 2182 233 2249 6
254 2203 291 2249 σε
311 2183 534 2266 παρεκάλουν,
555 2177 578 2267 6
599 2180 733 2259 πάντων
753 2179 797 2247 ἀν
818 2178 1029 2264 φαυλότατον
1050 2177 1138 2261 ήγοῦ

132 2281 274 2348 σαυτόν’
296 2288 362 2347 νῦν
373 2278 405 2346 δ’
418 2277 481 2362 ἀρα
492 2276 529 2345 τὸ
541 2285 644 2363 μήκος
655 2284 712 2365 τῆς
725 2281 860 2359 πορείας
870 2276 924 2340 καὶ
940 2271 978 2341 τὸ
995 2275 1137 2358 μέγεθος

134 2373 173 2459 δή
186 2382 246 2443 τοῦ
258 2384 345 2442 πλοῦ
354 2379 410 2444 καὶ
426 2384 487 2442 τοῦ
502 2375 610 2442 πόνον
629 2372 863 2457 ἐπαιτιώμενος
880 2380 942 2440 οίει
957 2373 1058 2452 δόξαν
1075 2400 1138 2441 κα-

133 2480 206 2549 κίας
218 2471 481 2591 ἀποφευξεῖσθαι
489 2493 585 2551 νοτες
576 2473 725 2535 ·πολλοῦ
735 2495 790 2535 και
780 2468 921 2586 δεήσει.
948 2472 1137 2556 λεχθέντων

134 2571 171 2638 δέ
181 2568 310 2636 τούτων
325 2577 373 2648 τίς
384 2565 428 2635 66
438 2561 480 2653 ήν
491 2593 547 2653 μοι
558 2563 642 2651 πρὸς
652 2573 754 2632 ταῦτα
764 2563 937 2654 εὐσχήμων
947 2566 1137 2663 ἀπόκρισιςς

134 2667 198 2737 οὐκ
208 2673 305 2736 ἔστιν.
327 2663 402 2734 ἀλλ’
414 2658 524 2752 ήλθον
535 2666 596 2751 μέν
609 2660 692 2732 κατά
710 2668 812 2752 λόγον
824 2669 859 2735 ἐν
870 2671 944 2755 δίκῃ
956 2695 991 2735 τε
1007 2666 1052 2746 ῶς
1063 2664 1136 2736 οἷόν

99 2792 171 2841 Βτε
193 2769 377 2852 ἀνθρωπον
398 2765 548 2851 μάλιστα,
571 2761 624 2833 διά
646 2761 844 2834 τὰτοιαῦτα
866 2765 1057 2835 καταλιπῶν
1078 2765 1139 2846 τάς

134 2871 278 2954 ἐμαυτοῦ
290 2863 468 2953 διατριβάς,
480 2863 582 2941 οὔσας
593 2856 655 2930 οὐκ
666 2859 865 2950 ἀσχήμονας,
876 2861 942 2930 ῦπο
932 2863 1140 2951 τυραννίδα

135 2970 304 3033 δοκοῦσαν
315 2958 355 3030 οῦ
367 2967 504 3050 πρέπειν
517 2975 584 3040 τοῖς
594 2965 683 3048 ἐμοῖς
693 2962 805 3049 λόγοις
818 2961 896 3030 οῦδὲ
914 2963 1000 3050 ἐμοί·
1023 2962 1137 3055 ἐλθιόν

132 3088 168 3131 τε
178 3060 322 3149 ἐμαυτὸν
337 3061 553 3188 ἠλευθέρωσα
568 3058 653 3140 Διός
670 3064 780 3140 ξενίου
795 3063 851 3129 καὶ
872 3068 929 3145 τῆς
945 3060 1138 3147 φιλοσόφου

133 3162 335 3254 ἀνέγιρλήτον
342 3172 458 3248 μοιρας
467 3162 642 3247 παρέσχον,
654 3162 880 3227 ἐπονειδίστου
890 3166 1069 3245 γενομένης
1079 3156 1136 3281 66,

74 3300 77 3307 ·
133 3271 173 3330 εί
184 3287 215 3328 τι
235 3262 560 3346 καταμαλθακισθεις
575 3260 631 3327 καὶ
648 3255 846 3326 ἀποδειλιῶν
863 3255 1020 3376 αίσχύγής
1041 3258 1136 3341 μετέ-

70 3412 72 3417 ,
132 3379 214 3445 σχον
225 3367 337 3447 κακῆς.
359 3356 472 3429 ἐλθῶν
483 3362 529 3444 δέ,
545 3354 586 3426 06
597 3354 662 3442 γάρ
680 3360 732 3424 δει
743 3355 916 3444 μηκύνειν,
936 3344 1038 3440 εὗρον
1055 3351 1137 3421 666-
