2408 3764
157 194 223 266 ³60
565 204 756 262 ΣΧΟΛΙΑ
1118 208 1172 264 206

262 364 399 448 άσβεστος
411 359 469 428 6’''
449 390 487 447 αρ
485 357 615 446 ’ἐνῶρτο
626 365 716 446 γίλως
727 360 890 468 μακάρεσσι
900 371 1032 431 θεοῖσιν

157 453 223 536 περὶ
238 455 298 513 666
313 451 476 550 ἐγκοσμίων
492 449 602 549 εἴρηται
615 453 704 510 θεῶν.
736 443 838 529 δγοῦν
848 444 994 511 Γλαύκων
1010 440 1172 532 άναλόγως

157 536 303 620 ε’γκοσμίῳ
317 529 464 640 προσώπῳ
482 527 597 606 εἰκότως
607 535 731 678 γελοίως
748 531 832 636 λέγει.
862 526 894 593 τὸ
914 531 945 594 δὲ
954 528 1158 595 ’Ἁττολλον’
1126 558 1171 596 οι-

156 626 238 682 κεῑον
253 623 294 702 66
310 640 340 679 66
350 610 423 718 6666
440 599 480 691 εἰς
490 610 597 678 ταυτὸν
621 616 792 719 ρχομίνμ
763 640 803 678 τω
791 609 997 724 Ἀττάλλρονι,
1004 616 1057 677 καί
1066 641 1111 679 τω
1097 618 1168 679 λε’·.

155 725 237 806 γοντι
258 679 453 782 666666666
426 724 478 763 666
495 700 601 763 ἑαυτοῦ
619 680 742 781 βασιλέα
758 678 843 781 ἥλιον
859 700 911 762 καὶ
925 680 1145 762 Ἀπόλλωνά
1117 724 1169 764 τον

155 781 254 849 αὐτόν.
274 791 311 847 6.

241 875 270 931 C.
286 866 443 942 Ἄπολλον]
457 849 634 970 λλιίφθεγμα
635 836 882 948 θανμαστικόν,
863 893 902 943 ως
911 892 944 931 το
933 863 1120 977 Ἡράκλεις
1133 875 1167 929 R.

185 960 271 1014 ’.D
294 947 420 1032 Σχόλιον
434 950 517 1012 ἐκ
476 974 536 1013 των
544 943 687 1051 Ἀρχβτον
701 951 753 1013 καί
764 954 927 1034 Βροντίνου
937 953 988 1014 καί
997 950 1169 1032 Ἰαμβλίχον

155 1037 324 1140 λτττμηθίν.
351 1028 499 1138 Γραμμην
515 1028 624 1115 δίχα
596 1059 630 1136 τμ
645 1040 762 1117 6666666
779 1036 1020 1143 6666666666‚”
990 1057 1046 1098 ειτε
1063 1036 1107 1110 εἰς
1118 1039 1168 1099 ἰσα

153 1117 297 1225 τμήματα
300 1143 354 1181 κατ
351 1111 515 1226 ’Ἀρχύταν
527 1112 617 1180 καί
588 1143 641 1182 τον
649 1121 801 1183 Χαλκιδέα
809 1113 1025 1223 Ἰάμβλιχον,
996 1141 1051 1181 ειτε
1062 1143 1117 1181 και
1107 1119 1168 1192 ελς

154 1203 260 1285 άνισα,
278 1229 317 1277 ως
333 1203 416 1264 ἐν
376 1227 436 1264 των
451 1202 528 1266 τισὶν
539 1195 746 1308 ἀντιγράφων
740 1229 792 1267 τον
778 1198 1009 1278 Πλάτωνος’
976 1197 1113 1283 εὓρηται,
1130 1198 1168 1265 66

154 1287 226 1352 ὅντα
246 1284 343 1387 πάντα
365 1288 539 1390 δηλοῦσθαι
546 1288 586 1361 εἰς
604 1285 659 1351 δύο
676 1282 751 1350 κατδι
767 1285 886 1372 πρότην
902 1290 1057 1398 διαίρεσιν
1062 1282 1167 1388 τεμνό-

154 1396 265 1472 μενα,
259 1364 292 1433 τὸ
308 1368 414 1448 νοητὸν
431 1367 566 1449 δηλονότι
577 1366 674 1457 καίὁρ
675 1369 756 1436 ατόν.
785 1375 812 1437 εἰ
821 1373 911 1474 666⁷
884 1396 925 1446 εις
934 1374 994 1451 ἰσα,
1007 1367 1058 1433 διά
1067 1395 1099 1432 τε
1111 1365 1168 1451 τὴν

154 1463 215 1519 666
231 1449 327 1557 λόγων
346 1455 503 1554 μετουσίαν
520 1455 571 1516 καί
588 1461 648 1518 666
664 1459 765 1558 εἰδῶν,
784 1451 881 1519 καί
840 1481 906 1559 την
915 1479 975 1518 των
986 1451 1168 1556 μετεχόντων

81 1536 85 1545 ’
152 1532 225 1622 πρὸς
236 1534 273 1600 τδι
286 1531 459 1642 66666666
469 1530 648 1683 ὁμοιότητα,ὲ
651 1540 701 1602 καί
711 1546 753 1640 66
763 1534 819 1620 666
830 1533 1034 1643 666666666
1001 1562 1066 1639 την
1068 1530 1164 1618 66666

153 1646 215 1696 ιτως
225 1618 328 1685 εἰναι
313 1644 350 1684 εττ
346 1614 557 1722 ’ἀμφοτέρων
579 1623 605 1682 εἰ
615 1619 812 1723 δὲείςάνισα,
829 1616 1165 1728 696669666666,

154 1700 251 1768 διά
210 1731 274 1805 την
291 1711 351 1769 666
367 1709 483 1812 νοητόν
497 1698 603 1808 ατρὸς
588 1728 624 1766 τα
612 1699 794 1806 αἰσθητά’
778 1724 848 1781 ισως
863 1699 1011 1811 ὑπεροχὴν
1029 1705 1080 1768 καί
1093 1701 1165 1767 666-

70 1782 80 1794 ⁸
152 1784 298 1892 μριότητα.
330 1785 426 1854 6666‘
411 1784 549 1891 εκάτερομ
564 1813 604 1852 αν
590 1777 660 1864 εἰς
677 1783 766 1852 δύο’
749 1785 808 1851 ανδ
824 1785 876 1853 τὸν
892 1787 983 1853 αὐτὸν
999 1790 1165 1891 διηρῆσθαι

152 1871 241 1958 λόγον
248 1920 258 1955 ,
272 1880 314 1976 τῷ
324 1870 380 1956 τὴν
396 1868 563 1978 γνωστικην
574 1867 703 1975 δύναμιν
713 1867 748 1937 δι’
761 1870 832 1938 6666
818 1869 963 1981 r66666666
971 1864 1043 1956 ιτρδς
1055 1867 1166 1974 εαατην

153 1957 238 2022 εἰναι.
264 1953 297 2022 τὸ
311 1959 365 2062 666
382 1952 440 2042 γάρ
452 1953 558 2062 ὁρατὸν
569 1961 608 2032 εἰς
619 1954 735 2033 εἰκόνας
745 1959 796 2022 καὶ
808 1950 850 2022 όν
862 1959 936 2022 εἰσίν
946 1959 1068 2035 εἰκόνες,
1086 1981 1121 2018 το
1109 1951 1165 2062 66

152 2037 260 2146 νοητὸν
277 2037 365 2118 εἰς
332 2068 370 2105 τα
388 2038 530 2144 διανοητὰ
546 2036 640 2106 καί
611 2067 645 2106 το
662 2044 743 2118 ἰδίως
750 2037 864 2147 νοητὸν
876 2045 1091 2151 διακρίητσθαι.
1113 2041 1164 2103 καὶ

152 2124 318 2202 εἰκόνας
286 2151 340 2207 μεν
357 2121 443 2235 σκιάς
457 2149 488 2187 τε
502 2125 601 2189 καί
568 2151 606 2189 τα
623 2127 655 2190 ἕν
671 2135 732 2202 τοῖς
747 2123 836 2193 66666
852 2127 903 2191 καί
919 2123 1094 2225 κατόπτροις
1113 2124 1164 2188 καί

151 2207 226 2286 ὅλως
241 2235 365 2286 ττνκνοις
381 2235 432 2272 και
423 2211 536 2312 λείοις
552 2212 602 2274 καί
619 2218 727 2313 φαναῖς
743 2208 937 2313 ξυνιστάμενα
953 2205 1059 2274 εἴδωλά
1069 2233 1101 2271 τε
1112 2208 1163 2271 καί

153 2314 348 2397 φαντασματα
354 2281 475 2373 εἰναι,
451 2317 493 2356 ων
503 2289 566 2356 6’6
539 2317 553 2357 6
554 2296 651 2357 ἰσίν’
625 2291 743 2396 εικόνες,
753 2287 829 2358 6666
817 2289 976 2397 δηλονότι
985 2317 1023 2357 τα
1010 2285 1162 2397 αἰσθητά

152 2375 288 2481 στόματα,
306 2375 365 2454 ζῶά
382 2402 412 2441 τε
429 2378 480 2441 καὶ
496 2373 576 2456 6666
594 2370 692 2440 καί
660 2403 697 2440 τα
712 2376 917 2480 παραπλήσια·
946 2378 997 2441 καί
1019 2377 1162 2478 διανοητὰ

151 2458 251 2543 μὲν
219 2486 256 2523 τα
274 2455 468 2563 μαθηματικά
483 2483 513 2522 τε
529 2463 580 2524 καί
595 2457 733 2563 ἐπιστητὰ
743 2464 829 2565 γένη,
839 2455 1072 2566 γεωμετρίαν,’
1055 2480 1160 2564 αστρο-

152 2547 259 2625 νομίαν
277 2540 374 2647 666
341 2569 380 2608 τα
394 2540 508 2616 τούτοις
522 2539 653 2652 ἀδελφά,
671 2569 762 2650 νοητα
750 2541 847 2611 66
815 2573 867 2622 τας
878 2548 957 2620 ἰδέας
966 2569 997 2609 τε
1008 2541 1160 2650 ηαίόντως

153 2626 242 2705 ούσας
258 2621 368 2704 ούσίας.
397 2621 596 2729 άνάλογον
560 2653 616 2693 ουν
632 2625 744 2732 ἔχειν’
726 2656 765 2706 ως
780 2626 816 2693 66
835 2625 954 2694 εἰκαστδι
970 2623 1044 2732 πρὸς
1058 2623 1095 2690 66
1112 2630 1158 2689 αι’-

153 2708 252 2794 σθητά
260 2737 290 2776 τε
301 2714 352 2776 καί
358 2706 478 2816 φυσικά
488 2709 623 2794 σάματα,
639 2710 716 2777 6666
725 2741 762 2777 τα
750 2709 932 2815 διανοητὰ
926 2709 1018 2818 πρὸς
1011 2706 1047 2776 66
1057 2707 1165 2812 νοητά

152 2797 268 2873 εἰκόνας
283 2821 314 2861 τε
330 2791 388 2882 γάρ
403 2803 463 2859 666
479 2804 592 2877 νοητῶν
610 2794 733 2862 εἰναι
701 2823 738 2862 τα
755 2792 949 2904 διανοητά,
930 2823 969 2872 ως
986 2823 1024 2861 τα
1011 2789 1161 2860 εἰκαστδι

151 2888 214 2946 666
228 2884 395 2962 αἰσθητῶν,
410 2877 494 2944 6666
510 2906 530 2942 6
530 2877 639 2964 ἰσθητδι
655 2884 706 2947 καί
723 2885 813 2965 νοητὰ
830 2908 867 2970 τη
853 2888 994 2964 μᾶλλον
1010 2869 1160 2980 66666666

151 2960 278 3068 άληθείμ
298 2969 359 3028 666
381 2964 579 3028 εἰκασθέντων
600 2969 651 3029 καὶ
669 2972 833 3050 διανοητοῖν
847 2970 1025 3075 διωρίσθαι·
1053 2990 1090 3066 τμ
1077 2961 1161 3045 μὲν

150 3045 208 3154 γάρ
223 3055 336 3152 μᾶλλον
350 3043 388 3112 66
405 3037 475 3112 66
454 3072 542 3130 ηττον
557 3042 659 3153 άληθῆ
676 3047 759 3115 εἰναι.
786 3044 856 3115 καθ’
876 3050 951 3114 αδτα
939 3043 1073 3130 μὲν
1037 3072 1097 3131 γαρ
1110 3048 1161 3111 καί

150 3127 248 3198 ούκλν
267 3129 401 3207 άλλως
385 3131 549 3214 νφεστάναι
568 3159 615 3196 τα·
594 3127 760 3216 αἰσθητά,
778 3130 864 3210 σκιάς
875 3136 908 3198 66
918 3133 970 3196 καί
980 3133 1089 3236 εἴδωλα
1100 3140 1161 3206 τοῖς

151 3219 304 3321 αἰσθητοῖς
318 3240 362 3280 τια
362 3220 577 3322 ραωίστασθαι,
596 3219 628 3282 ἰν
644 3219 765 3295 ἰκτίνοις
782 3214 881 3284 6666'
848 3243 883 3282 οο
898 3208 967 3280 καθ’
981 3209 1059 3280 6666
1071 3212 1160 3281 όντα·

150 3300 203 3365 καί
220 3295 272 3367 666
289 3307 376 3366 τοῦτο
362 3244 510 3365 ρυλκείνων
525 3297 778 3367 ύττοσιτασθίντων
799 3303 909 3409 μηδὲ
887 3306 980 3364 ταῦτα
996 3304 1162 3381 φαίνεσθαι

63 3381 301 3544 Q
316 3386 351 3453 66
359 3388 412 3453 καλ
420 3410 513 3451 ταντα
524 3380 655 3469 αἰσθητά
664 3388 719 3470 μίν
728 3382 909 3473 τᾴγλνει,”
889 3409 941 3448 ατε
953 3380 991 3466 δη
1000 3410 1039 3472 66
1024 3381 1161 3466 αἰσθό-
