2408 3764
72 185 136 251 172
445 184 718 246 ΑΛΚΙΝΟΟΤ
1039 193 1077 249 20

70 342 336 498 6666
350 342 791 536 ὥρι’μέάςξέόζῖξξιῗξιῦ
802 341 877 495 6³6⁰
864 340 1017 495 6⁰¹6?
992 371 1080 537 ἶῗζι

71 457 244 602 &6666
263 456 671 619 ’γένάῦςωιόςρζυγγενιστάτου
686 523 770 592 θεοῖς
783 513 874 580 πάλιν
893 432 1058 599 φρονέίς
1035 542 1077 598 ην

70 609 111 686 τῷ
125 625 155 665 τε
167 599 314 703 πατρί’
270 623 392 664 παντων
408 601 460 664 ιιαλ
473 608 534 677 τοῖς
548 596 655 708 τοάτρυ
668 597 800 704 έκγόνοις
817 606 915 705 θεοῖς,
930 600 1076 701 ιιατέιιεμ·

70 702 129 764 ψει
142 680 234 747 έιιί
180 709 258 786 την
270 691 328 767 γῆν
342 685 394 760 τὰς
408 681 514 749 ταότου
527 690 580 749 τοῦ
593 685 697 768 γένους
712 680 812 789 φοχάς
828 679 917 749 ὅτοῦν
930 679 1009 787 όλωγ
1024 688 1076 766 ῦη·

70 763 209 873 ριουργὸς
222 772 401 874 ἰσαρίθμους
412 777 475 873 τρίς
479 766 629 872 ῦστρυις·
649 767 830 873 ἐμβιβάσας
825 763 892 832 66‘
872 793 912 843 υς
926 764 999 843 είς”
981 792 1077 849 ογημα

71 848 182 954 άστρου
201 847 243 916 τό
252 852 418 953 σόυνομον
424 848 542 928 ἁπάσας
562 849 672 956 νόμους
696 849 766 930 τοῦς
784 853 978 956 είμαρμένοος
997 849 1077 916 alm

69 930 173 1013 αῦταῖς
177 939 351 1040 νομοθέτου
365 931 484 1038 τρβπον,
500 933 579 1012 όπιος
589 931 678 1013 αὐτὸς
691 927 854 1012 ἀναίτιος
835 960 870 1024 γ
884 933 931 1000 ότι
940 961 981 1000 τα
965 930 1077 1018 πάθη

70 1015 130 1085 άπὸ
143 1019 276 1128 σάματρς
289 1016 490 1125 προσφύσεται
502 1016 616 1101 θνητά·
628 1028 747 1124 πρῶτον
756 1023 810 1128 μέν
821 1017 984 1125 αἰσθήβεις,
999 1023 1075 1084 ἐπει·

68 1131 105 1170 τα
118 1108 152 1172 66
164 1102 260 1189 ἡδονὴ
272 1107 323 1170 καὶ
336 1101 415 1185 λόπη
428 1100 540 1186 φόβος
537 1127 568 1167 τε
579 1105 632 1167 καί
644 1102 752 1209 θγμός,
774 1096 817 1170 οῦν
829 1103 1012 1209 κρατήσασαι
1026 1105 1077 1169 ιιαλ

68 1196 211 1298 μγδαμας
229 1197 401 1293 βιασθεῖσαι
418 1215 439 1252 α
438 1188 524 1270 ἱμίν
538 1191 607 1276 ῦίιιγ
623 1187 782 1293 βιάσονται
795 1190 848 1253 ιιαλ
867 1183 951 1272 είς
922 1213 954 1252 το
970 1186 1076 1253 σῦυνοὸ

69 1299 126 1354 μου
140 1273 249 1376 άστρου
269 1266 474 1375 ρἰφίξουται,
456 1274 536 1337 αἰδὲ
550 1281 746 1376 κρατηθεῖσαι
759 1268 819 1347 ῦπο
808 1263 953 1349 άῦιιιίας
967 1276 1008 1349 εὶς
1022 1299 1076 1356 γυι

68 1353 172 1430 ναιιιός
195 1357 227 1418 έυ
246 1381 283 1441 τῃ
269 1359 420 1439 δευτέρα
439 1357 549 1436 γενέσει
561 1362 632 1462 βίον
652 1355 832 1463 ἐλεύσονται,
854 1382 896 1438 μιρ
910 1356 1077 1461 παυόμεναι

69 1435 143 1504 66
114 1464 147 1502 το
160 1445 326 1501 τελευταῖον
339 1440 379 1512 εἰς
396 1441 474 1537 θηρί
473 1463 515 1500 ων
526 1441 634 1518 φάσιν·
649 1443 729 1516 τέλος
741 1437 823 1505 66’
787 1448 891 1517 αυταῖς
901 1448 961 1505 τῶν
974 1439 1077 1506 πόνων

69 1526 154 1669 ἐἒρται
170 1515 203 1584 τὸ
221 1525 342 1601 νικῆσαι
356 1521 409 1600 μέν
428 1543 465 1582 τα
483 1519 709 1604 προσφῦντα,ε
695 1527 736 1598 εἰς
757 1521 842 1587 66
810 1551 866 1606 την
886 1529 961 1590 οἰιιεί
959 1551 997 1590 αν
1018 1527 1078 1605 έξιι

99 1612 176 1667 θεῖν.

152 1696 239 1752 XVII.
263 1690 305 1752 06
290 1687 349 1752 666
361 1689 429 1752 θεολ
437 1690 570 1752 ἔπλασαν
584 1689 638 1772 μέν
650 1691 879 1773 προηγουμένας
891 1687 944 1754 τὸν
954 1691 1077 1795 άνθροι

68 1796 126 1838 που
146 1760 179 1837 έιι
192 1780 248 1856 γῆς
262 1773 314 1836 και
318 1767 421 1877 πυρός
435 1775 487 1837 καὶ
500 1767 586 1858 άέρος
599 1775 652 1838 ιιαί
664 1776 787 1880 666093·
804 1777 908 1876 μοίρας
924 1773 1007 1850 τινάς
1024 1784 1077 1842 δα-

68 1855 228 1939 νειζόμενοι
248 1861 289 1934 εἰς
308 1851 468 1940 άπόῦοσιν,
487 1860 648 1935 συνθέντες
663 1854 727 1924 66’
708 1855 846 1941 αοράιοις
859 1853 986 1966 γόμφοις
1001 1861 1035 1922 έν
1048 1887 1079 1926 τι

69 1949 152 2024 σῶμα
166 1941 370 2047 ἐργασάμενοι,
387 1949 440 2024 τῆς
454 1947 715 2053 καταπεμφθείσης
729 1949 835 2052 ψυχῆς
841 1966 874 2006 το
888 1966 994 2046 κυριον
1015 1944 1077 2007 666-

69 2031 165 2108 θησαν
180 2021 265 2102 εἰς
233 2053 289 2109 την
303 2028 452 2131 κεφαλήν,
475 2024 572 2113 ωσπερ
586 2022 721 2134 άρουραν
736 2020 954 2104 ὑποθέντες
925 2051 979 2091 τον
987 2028 1077 2133 ἒγιιέ

68 2119 175 2217 φαλον,
189 2132 266 2259 περί
245 2107 344 2176 ἰδέ
314 2137 347 2176 το
361 2111 521 2202 πρόσοικον
533 2109 687 2218 ἔβεοαν
655 2139 692 2179 τα
702 2119 762 2178 τῶν
775 2109 1003 2195 αἰσθητηρίαν”
987 2138 1076 2197 οργα-

68 2222 121 2296 να,
140 2192 266 2282 ῦπηρεσί
264 2222 303 2260 αν
323 2193 563 2262 έιτελέσοντα
531 2224 587 2281 την
607 2195 832 2302 προσήκουσαν·
858 2198 1024 2261 συνέθεσαν
1045 2198 1077 2263 66

67 2275 120 2342 τὸν
134 2281 188 2381 μὲν
201 2277 312 2361 μυελὸν
331 2283 365 2345 έιι
380 2290 441 2346 τιῦν
461 2287 505 2346 λεί
503 2309 546 2347 ων
560 2307 591 2346 τε
606 2285 657 2346 καί
677 2277 834 2364 άστραβοῦν
849 2278 1022 2388 τριγώνων,
1047 2284 1077 2360 ἐξ

68 2352 112 2425 ὧν
133 2358 170 2424 τά
197 2373 324 2445 στοιχεῖα
343 2366 471 2446 ἐγένετο,
493 2367 655 2447 σπέρματος
674 2365 789 2446 γένεσιν
809 2360 962 2445 ἐσόμενον
988 2365 1019 2430 τῦ
1045 2367 1077 2431 66

68 2439 175 2508 όστοῦυ
198 2446 231 2506 έιι
253 2453 309 2527 γῆς
327 2449 378 2509 καί
380 2454 500 2550 μυελοῦ
516 2449 686 2510 ῦευθένταν
701 2448 752 2510 καὶ
766 2446 908 2525 πολλάκις
921 2446 1010 2515 ῦδατι
1024 2451 1076 2514 ιιαλ

67 2530 141 2688 πρρὶ
161 2529 333 2609 βαφέντυν·
355 2524 393 2591 τά
413 2531 447 2595 66
466 2535 557 2614 νεῦρα
579 2524 643 2635 65’
628 2537 717 2594 οστοῦ
739 2533 790 2594 ιαλ
804 2529 928 2639 σαρκός·
952 2530 1027 2614 αῦτη
1016 2530 1076 2597 66

32 2659 34 2662 -
67 2605 141 2695 σάρξ
161 2611 273 2694 ἐγένετο
294 2614 327 2677 έιι
341 2637 372 2676 τι
384 2609 521 2717 ἁλμυροῦ
533 2614 585 2677 καί
600 2607 680 2692 ὀξέος
694 2611 759 2679 οἷον
778 2615 956 2721 ζυμοέματος.
964 2617 1073 2721 περιέ·

66 2705 170 2804 θρταν
183 2697 216 2760 66
234 2703 333 2785 μυελοῦ
346 2698 402 2778 μέν
413 2723 446 2761 το
434 2693 582 2801 ὀστοῦν,
604 2706 665 2775 τοῖς
680 2694 748 2763 66’
732 2706 830 2776 οστοῖς
848 2697 922 2785 πρὸς
936 2697 1073 2764 σόνῦεσιν

67 2777 168 2845 αῦτιῦν
180 2787 286 2866 νεῦρα·
309 2762 361 2847 καλ
382 2775 434 2845 διὰ
453 2778 567 2887 νεάραν
583 2783 637 2864 μέν
656 2780 785 2891 κάμψας
801 2787 933 2891 ἐγένοντο
947 2780 1039 2846 ww
1019 2809 1072 2868 αρ-

68 2874 157 2949 θρων
169 2867 334 2970 συνθέσεις,
354 2863 407 2931 66
427 2867 460 2930 66
473 2861 584 2970 σριριτός
597 2863 742 2950 σιιέιτη’
704 2877 805 2944 αυτοῖς
812 2867 947 2973 ι’όσπερ
933 2869 1072 2931 έπιπλασ-

67 2944 250 3055 σομένγρς,
211 2975 254 3033 πη
269 2952 323 3033 μὲν
335 2957 450 3056 λευκῆς,
465 2974 508 3033 ιυη
496 2945 556 3016 66
568 2959 679 3056 πελιῦς,
695 2949 769 3037 πρὸς
783 2946 855 3015 αῦτό
870 2948 903 3016 τὸ
914 2949 1073 3054 εὔχρηστον

66 3040 108 3119 τῷ
121 3031 240 3116 σάματι.
258 3037 292 3099 έιι
305 3033 417 3100 τοῦτον
433 3035 466 3100 66
485 3032 584 3100 καί
552 3062 589 3100 τα
605 3032 687 3112 ἐντὸς
706 3037 891 3118 συνεπλέχθη
910 3031 1071 3139 σπλάγχνα,

66 3099 145 3182 κόιλί
144 3145 163 3182 α
181 3143 211 3183 τε
233 3121 284 3182 ιιαλ
302 3117 369 3204 περί
389 3117 500 3224 ταότηγ
520 3123 622 3227 ἔντερα
643 3121 818 3226 έλιχθέντα,
833 3119 954 3184 άνιυθέν
966 3144 997 3182 τε
1012 3114 1072 3186 άπὸ

67 3200 207 3284 στόματος
226 3196 352 3288 άρτηρία
371 3205 422 3268 καὶ
442 3202 582 3308 φάρυγξ,
596 3231 616 3287 η
544 3201 692 3285 ξ“μέ·ν
709 3207 750 3280 είς
754 3199 925 3309 στόμαχον,
948 3199 1018 3286 666
1033 3209 1074 3282 είς

65 3285 216 3368 πνεύμονα
230 3291 325 3353 ίοῦσα.
342 3292 494 3353 διοικεῖται
506 3283 582 3353 66
550 3314 587 3352 τα
603 3291 681 3354 σιτία
691 3283 767 3352 κατά
779 3283 835 3370 τὴν
843 3289 971 3399 γαστέρα
981 3286 1072 3352 πνεῦ-

64 3374 136 3449 ματί
153 3375 248 3438 τεκαὶ
262 3379 367 3460 θερμῷ
380 3371 540 3456 τεμνόμενα
552 3375 604 3438 καί
624 3368 824 3455 μαλαττόμενα
841 3373 950 3437 ιιαέ”
914 3399 1006 3450 ουτοος
1025 3373 1071 3438 έπλ
