2408 3764
64 187 102 242 13
425 177 547 233 ΕΙΣΛ
554 176 696 235 ΓΩΓΗ.
1005 173 1065 239 157

64 341 99 404 δὲ
112 340 225 444 μέσους.
240 343 276 424 τῇ
290 340 391 401 τοίνυν
403 343 456 400 τοῦ
476 338 580 439 γένους
594 342 710 419 πρῶτον
723 342 763 414 είς
776 341 839 421 είδη
853 365 928 445 τομη
915 345 1067 441 χρῆσθαι

64 429 117 489 δεῖ
125 418 199 505 ὑπὲρ
215 446 267 486 του
254 418 489 528 διαγινώσκειν
503 414 576 483 6666
603 417 756 483 ἕκαστον“
739 446 755 484 0
771 424 830 487 ἔστι
850 449 926 487 κατα
945 417 1000 503 τὴν
1016 416 1066 486 06-

65 511 150 572 σίαν·
171 512 256 570 τοῦτο
271 505 343 568 δδ”
324 528 396 568 ανευ
410 497 531 605 ὅρου
498 529 554 566 ουκ
568 496 607 605 66
629 501 789 584 γίνοιτοῇ
778 531 794 569 0
809 503 872 570 δε
856 533 932 610 ορος
941 509 973 570 ἐκ
991 511 1066 570 διαι-

65 592 170 676 ρέσεως
183 596 323 692 γεννᾶται
342 595 446 653 τοῦτον
460 582 513 651 τὸν
514 583 652 732 έτρδπον·
676 593 728 649 τοῦ
739 587 932 690 μίλλοντος”
916 615 976 691 οριγ
994 586 1066 654 6660-

63 678 180 739 πίπτειν
195 669 364 756 πράγματος
384 665 470 736 666³
442 695 474 734 το
493 671 578 753 γένος
581 665 767 772 66666669
787 678 838 735 τοῦ
851 668 1016 778 ἀνθρώπου
1031 669 1063 738 τδ

65 760 183 862 3606ff'
166 781 265 822 επειτα
282 762 368 819 τοῦτο
382 757 497 835 τέμνειν
517 745 593 816 κατά
607 748 660 828 669
676 762 824 862 προαεηεῖς
839 752 983 841 διαφορὰς
996 784 1066 822 κατ

64 839 165 945 666669
179 843 275 949 μὲγρι
284 846 343 902 τῶν
357 841 453 913 εἰδῶν,
478 833 541 900 οἷον
555 840 596 911 είς
607 831 731 918 λογικὸν
738 839 789 899 καί
803 834 912 920 ἀλογον
924 844 976 904 καὶ
989 851 1066 923 θνη-

63 922 117 991 τὸν
137 927 189 989 καὶ
210 920 379 1023 ἀθάνατοη,
401 917 472 984 ὥστε
486 923 512 983 εί
530 927 697 983 συντεθείεν
714 923 748 983 αί
761 930 920 1024 προσεχεῖς
928 927 1067 1027 διαφοραὶ

63 1017 107 1075 66
131 1010 209 1091 γένει
226 1032 267 1070 τω
254 998 363 1082 ίξ’
327 1011 440 1080 αυτῶν,
461 1000 533 1104 δρον
547 997 717 1107 ἀνδράπομ
733 1009 880 1087 γίνεσθαι.
902 999 1067 1082 ἀναλύσεως

66 1073 100 1157 66
120 1096 183 1173 είδη
199 1070 258 1154 ἐστί
260 1092 351 1196 τρία·
375 1084 463 1193 ἡμὲν
479 1085 537 1169 γάρ
551 1081 661 1152 ἐστιν’
643 1081 704 1151 απὸ
723 1095 783 1152 τῶν
802 1091 955 1194 αἰσθητῶν
973 1087 1064 1152 ἐστί’
1032 1117 1068 1152 τα

65 1182 169 1284 πηῶτα
180 1199 271 1278 νγητα
260 1167 427 1248 *660609‘
400 1198 431 1274 η
444 1173 475 1235 δὲ
485 1171 588 1235 διὰ
547 1197 607 1235 τυν
618 1174 817 1274 δεικνυμένων
828 1199 880 1236 και
868 1169 1067 1236 ἀποδεικνυ-

65 1262 165 1364 μένμν
184 1255 290 1331 660609
308 1250 407 1320 ἀεί’
376 1281 429 1331 τας
449 1249 593 1319 ἀναποδεί
592 1280 679 1359 κτους
693 1249 782 1319 ταδ’
764 1257 889 1337 αμέσονς
905 1253 1067 1359 προτάσεις,

65 1340 135 1424 ηδὲ
148 1342 177 1418 ἐξ
189 1334 394 1415 660666609’
375 1346 503 1402 060606606
518 1333 611 1402 666³
578 1366 630 1414 τας
645 1333 880 1444 ἀγυητοθέταυς’
863 1341 963 1443 αρχηὶς.
980 1367 1000 1444 η
1016 1341 1066 1422 μὲν

68 1421 106 1505 δη
121 1422 220 1508 πριίτη
235 1421 334 1488 τοιοίδε
347 1429 391 1499 τίς
407 1425 499 1498 ἐστιν,
522 1418 627 1487 0606³³
606 1449 646 1486 αν
661 1417 719 1487 ἀπὸ
741 1449 792 1487 του
813 1420 929 1531 πεμί“
898 1452 935 1490 τα
950 1445 1068 1528 σωματα

66 1452 159 1611 66606
181 1512 379 1614 μετίωμενπ
344 1508 379 1570 ἐπ
379 1502 437 1570 ὶτδ
459 1508 490 1570 ἐν
503 1515 568 1582 ταῖς
582 1514 701 1608 ψυχαῖς
710 1505 816 1611 60666,
840 1504 945 1573 ἀπὸδὲ
963 1506 1067 1573 τούτου

65 1587 158 1657 666³
131 1618 162 1656 τυ
184 1594 216 1655 ἐν
235 1600 295 1667 τοῖς
310 1587 548 1698 ἕκττηδεημααιν,
571 1583 665 1654 εἶτα’
647 1585 705 1654 απδ
724 1589 828 1655 τούτου
849 1587 938 1656 666¹
910 1619 942 1663 τυ
962 1593 994 1656 ἕν
1007 1600 1068 1669 τοῖς

65 1675 233 1778 νόμοις,ετ
192 1669 245 1740 εἶτ’
263 1669 351 1739 666³
323 1700 356 1738 60
369 1669 446 1738 66066
459 1675 584 1782 πέλαγος
598 1698 650 1739 του
638 1681 772 1749 καλου,
789 1673 900 1739 εἶτα”
866 1702 941 1748 ουτω
955 1674 1066 1757 μετιόν-

65 1787 111 1836 τες
125 1756 259 1864 εὕροιμεν
268 1753 372 1824 λοιπὸν
386 1753 419 1827 66
436 1753 511 1822 αάτὸ
525 1764 610 1821 τοῦτο
625 1755 727 1821 καλόν.
747 1784 780 1822 το
768 1753 826 1822 ’δε
842 1758 976 1863 δεύτερον
990 1757 1067 1836 εἶδος

65 1852 116 1927 τῆς
132 1837 299 1919 ἀναλύσεως
313 1839 447 1907 τοιοῦτόν
461 1846 491 1908 τί
503 1842 595 1943 ἕστιγ·
610 1836 810 1905 ὑποτίθεσθαι
826 1838 912 1907 666³
883 1869 914 1907 το
931 1840 1067 1948 ζητούμε-

65 1955 120 1993 υου
135 1931 186 1991 καί
186 1931 381 2032 θεωρείν,τί
382 1953 419 1990 να
369 1927 495 1989 ίέστί
508 1921 635 2026 πρότερα
650 1919 750 2026 αὐτοῦ,
773 1927 824 1988 καί
839 1934 931 1990 ταῦτα
949 1923 1067 1991 ἀποδει-

66 2010 168 2077 κνύειν
177 2005 235 2113 6666
246 2019 305 2074 τῶν
317 2007 459 2112 ὑστέρων
461 2004 551 2071 ἐπὶ
519 2035 556 2072 τα
569 2005 695 2111 πρότερα
711 2003 840 2113 ἀνιόντα,
857 2037 909 2087 εας
923 2005 962 2074 ἀν
973 2013 1066 2075 ί-λθω

66 2122 121 2179 μεν
137 2090 231 2159 666*
203 2121 235 2159 το
245 2101 395 2178 πρῶτον
383 2094 435 2155 καί
448 2088 689 2193 ὁμολογούμενον,
705 2087 764 2156 ἀπὸ
779 2092 882 2158 τούτου
895 2094 927 2158 δε
942 2091 1067 2201 ἀρξάμε-

66 2206 115 2244 νοι
130 2181 176 2241 ε’πὶ
197 2173 229 2242 τὸ
242 2171 422 2282 ζητούμενον
442 2174 675 2280 κατελευσόμεθα
689 2186 855 2262 606666666
869 2175 982 2265 τρόπῳς
1005 2175 1069 2240 οἷον

66 2270 170 2366 ζητῶν,
195 2287 220 2325 ει
212 2256 387 2335 ‘666606669
402 2254 510 2323 ἔστιν
494 2286 514 2341 η
529 2257 627 2342 ψυγη,
642 2243 843 2364 δποθίμενος
839 2268 924 2325 τοῦτο
938 2267 1021 2364 ζητῶ,
1043 2264 1070 2324 εἰ

68 2343 239 2425 ἀεικίνητος,
255 2345 306 2407 καί
321 2350 406 2408 τοῦτο
421 2340 574 2420 ἀποδείξας
589 2351 671 2425 ζητῶ,
690 2339 756 2407 66³
728 2370 760 2409 το
768 2338 987 2450 ἀεικίνητον’
951 2349 1067 2409 αυτοκί·

67 2453 167 2530 νητον,
179 2453 229 2491 και
220 2422 586 2505 πάλιντυιῑτοάποδείξας
596 2435 704 2531 σκογγοδ,
712 2422 780 2493 εἰτὸ
791 2422 1011 2535 αὖτοκίνητον’
993 2456 1069 2533 αρηη

68 2532 255 2592 κινησεως,ε
242 2509 303 2576 εἶτα
319 2516 345 2576 εί
338 2538 375 2614 η
362 2506 495 2658 ‘6626'
477 2513 630 2617 αγένητος,
645 2509 715 2617 ὅπερ
726 2509 873 2577 τίθεται
854 2540 893 2589 ας
910 2510 1068 2619 ἷγμοίογοιί-

67 2622 172 2679 μενον,
190 2601 242 2657 ταῦ
233 2589 399 2700 ἀγενητου
414 2621 453 2658 κα
454 2592 678 2700 δάφθάρτου”
661 2623 758 2673 οντος·
781 2591 838 2679 ἀφ’
855 2624 890 2663 ου
877 2592 1068 2703 ἀρξάμενος

69 2675 249 2763 ἕναργοῦς”
232 2703 316 2783 ογτος
337 2676 479 2782 συνθησιυ
490 2677 631 2783 τοιαύτην
646 2674 812 2785 ἀπδδειξιν·
835 2677 926 2765 είη’
909 2707 985 2785 αρχη
1000 2675 1068 2781 ἀγέ-

68 2790 158 2912 υητον
173 2764 224 2826 καί
231 2760 412 2910 ὲάφθαργον,
428 2755 502 2845 ἀργη
518 2784 658 2867 κινησεως
672 2791 704 2829 το
692 2760 964 2872 ³0660666mov,
936 2790 967 2826 60
983 2757 1068 2826 6660-

69 2855 190 2953 ηίνητον
212 2847 244 2910 δὲ
264 2844 361 2928 ψυχη,
384 2841 579 2948 ἀφθαρτος”
559 2873 618 2950 αμα
635 2850 685 2910 καὶ
699 2841 839 2949 ἀγένητος
853 2848 904 2909 καί
918 2842 1069 2921 ἀθάνατος

70 2928 200 3041 ηψυχη.
220 2925 289 3033 ηδὲ
302 2931 330 3007 ἕξ
344 2926 513 3005 ἀποθέσεως
527 2923 668 3005 ἀνάλυσίς
683 2927 887 3010 ἕοτιτοιαάτη·
905 2925 1028 3039 ὃζητῶν
1042 2957 1069 2993 τι

69 3007 289 3079 ὑποτίθεται’
253 3040 324 3117 αυτο
313 3010 447 3089 ἐκεῖνο,
468 3009 530 3077 εἶτα
544 3039 584 3099 τῳ
571 3010 772 3077 ὑποτιθέντι
787 3022 893 3077 σκοπεῖ
902 3039 928 3077 τι
922 3009 1067 3077 ’ἀκολου-

70 3107 134 3174 666,
154 3102 205 3162 καί
225 3093 296 3181 μετά
309 3107 421 3162 τοῦτον
409 3092 535 3201 εἰλόγον
550 3079 611 3161 δέοι
628 3091 855 3162 ἀποδιδόναι
814 3124 871 3200 της
890 3094 1067 3172 ὑποθέσεως,

71 3180 163 3285 ἀλλην
178 3179 360 3287 δποθὲμεηος
380 3178 526 3246 ὑπόθεσιν
546 3188 634 3288 ζητεῖ,
656 3177 734 3246 εἶ’
656 3208 738 3246 ετο
746 3178 906 3291 666666906
925 3178 1069 3246 666066666

70 3263 161 3329 πάλιν
176 3269 255 3330 ἐστίν
269 3261 439 3368 ἀκόλουθον
456 3264 529 3353 ἀλίη
540 3263 689 3343 ὑποθέσει,
705 3268 756 3330 καὶ
771 3273 856 3330 τοῦτο
869 3257 1017 3349 μέχρις
981 3291 1016 3329 ου
1031 3260 1069 3328 ἀν

72 3350 120 3412 ἐπί
134 3375 200 3412 τινα
215 3345 308 3434 ἀρχην
324 3345 509 3416 ἀνυπόθετον
514 3330 595 3438 ἔλθη
606 3359 692 3417 ποιεῖ.
719 3345 856 3436 ἕπαγοιγη
868 3352 901 3414 δέ
917 3352 975 3415 ἐστι
989 3357 1068 3414 πᾶσα
