2408 3764
106 192 171 260 116
490 185 710 255 ΕΡΥΞΊΛΣ.

103 353 204 439 Ἀλλ’,
216 360 280 440 ἔφη
295 345 507 436 ύπολαβδνὸ
521 345 779 433 Ἐρασίστρατος,
789 341 817 415 ύ
827 349 1015 437 Σώκρατες,
1025 358 1061 420 τί
1066 349 1112 421 ἄν

105 451 229 537 ὄφελος
239 459 290 535 είη
300 456 348 537 τῷ
360 444 545 534 ἅνθρύπφ,
564 449 595 511 εί
609 444 800 532 σοφύτερος
816 445 878 532 μὲν
894 457 945 533 είη
963 457 1025 517 τού
1040 454 1113 519 Νέ.

69 575 89 624 B
107 570 234 637 ατορος,
249 546 289 615 τά
301 544 333 615 δ’
346 545 511 630 ἐπιτήδεια
522 541 566 613 τά
574 541 657 627 πρὸς
672 539 734 628 τὴν
744 547 873 611 δίαιταν
889 544 934 631 μὴ
952 547 1113 632 τυγχάνω

107 654 201 733 ἔχων,
213 651 300 712 σιτία
310 645 365 712 καί
375 639 460 711 ποτά
470 645 527 709 καί
536 640 649 726 ίμάτια
659 642 715 708 καὶ
726 650 760 709 εί
770 667 801 708 τι
817 639 898 710 ἄλλο
914 650 982 711 τῶν
992 645 1113 712 Ιτοιού-

101 770 173 812 των
184 748 266 824 ἑστίς
284 749 320 811 τί
326 737 402 827 άνὴ
414 746 516 826 σοφία
530 737 694 831 εύφελοίης·
708 735 732 826 ἢ
746 735 872 818 πεδςάν
889 732 989 820 ούτος
1005 751 1113 810 πλον·

101 840 263 921 σιύτατος
273 848 335 927 εἴη,
352 837 395 905 ὅν
410 862 447 923 γε
464 834 565 905 οὐδὲν
581 834 705 904 κωλύει
721 836 913 921 πτωχεύειν,
924 839 1066 924 μηδενός
1078 837 1111 924 γ’

105 937 314 1021 εὐποροῦντα
324 944 392 1004 τῶν
408 938 615 1019 ἐπιτηδείους
632 934 765 1022 σφόδρα
775 927 840 1003 ούν
854 935 965 1005 ἐδόκει
978 939 1034 1005 καί
1051 926 1112 1004 ού-

53 1047 59 1086 ³
104 1061 160 1114 τος
169 1041 278 1122 λέγειν
287 1031 441 1114 τί·οἰλλύ,
451 1029 613 1115 Πότερον,
624 1023 669 1115 ἦν
679 1028 905 1120 δ’ίγύ,ὁμὲν
914 1031 977 1120 τὴν
988 1041 1111 1121 σοφίαν

104 1137 303 1222 κεκτημένος
320 1130 427 1200 πάθοι
438 1123 483 1196 άν
497 1134 614 1214 τούτο,
633 1133 664 1195 εί
682 1128 797 1214 ἐνδεὴς
818 1137 946 1216 γίνοιτο
964 1133 1110 1202 τούτων·

72 1247 90 1297 c
106 1237 137 1300 εί
146 1234 185 1299 δέ
193 1257 242 1309 τις
250 1227 314 1315 τὴν
322 1232 559 1305 Πουλυτίωνος
568 1230 678 1294 οἰκίαν
687 1228 886 1311 κεκτημένος
897 1239 947 1315 είη
958 1235 1014 1299 καὶ
1025 1232 1111 1317 πλη-

105 1355 166 1415 ρης
177 1337 226 1412 είη
237 1331 377 1411 χρυσίον
387 1325 444 1392 καὶ
454 1323 619 1411 ἀργυρίου
632 1319 761 1410 ἡοίκία,
774 1321 837 1392 ούκ
847 1320 891 1392 α”ν
903 1331 1038 1416 δεηθείη
1049 1326 1110 1397 ού-

106 1422 221 1504 δενάςς
236 1419 337 1506 Ἀλλ’,
349 1426 424 1506 ἔφη,
442 1428 562 1489 τοῦτον
579 1424 641 1507 μὲν
654 1419 756 1490 οὐδὲν
771 1423 896 1491 κωλύει
912 1422 1031 1492 αὐτίκα
1044 1433 1111 1495 νύν

104 1521 306 1604 διαθέμενον
315 1515 356 1584 τά
368 1515 515 1601 κτήματα
525 1522 611 1603 ἔχειν
621 1514 692 1584 ἀντ’
712 1515 825 1586 αύτοίν
842 1519 981 1605 τούτων,
999 1513 1111 1610 ὦνπερ

103 1619 159 1686 καὶ
169 1615 323 1702 τυγχάνει
334 1614 490 1700 δεόμενος
502 1619 548 1693 είς
559 1612 619 1698 τὴν
632 1613 801 1702 δίαιταν,ἧ
811 1619 867 1686 καὶ
877 1617 1021 1705 νόμισμα
1031 1616 1109 1688 ἄνθ’

104 1715 184 1786 ὅτου
195 1720 301 1782 ταῦτα
312 1713 491 1800 δυνήσεται
501 1717 705 1799 πορίζεσθαι,
717 1716 773 1782 καὶ
784 1712 944 1782 ἁπάντων
954 1715 1112 1803 εὐπορεῖν

104 1819 312 1901 νεικείειν·

186 1916 237 1977 vl.
258 1919 305 1980 Εί
315 1936 354 1996 γε
369 1910 574 1998 τυγχάνοιεν,
586 1917 672 1998 ἔφην
683 1910 759 1997 ἐγώ,
777 1914 811 1978 οί
825 1909 919 1989 ὄντες
934 1909 1111 1997 ἅνθρωποι

65 2019 85 2067 D
105 2007 257 2093 δεόμενοι
267 2007 426 2094 τοιαύτην
442 2015 557 2094 σφίσιν
571 2013 681 2079 οίκίαν
696 2011 855 2093 γενέσθαι
869 2015 1008 2094 μᾶλλον,
1024 2004 1110 2095 ἤπερ

103 2103 166 2191 την
176 2107 307 2174 ἐκείνου
318 2112 456 2190 σοφίαν·
477 2108 545 2174 ἐπεὶ
562 2114 597 2174 εί
607 2130 646 2190 γε
662 2111 806 2174 τοιοῦτοι
823 2114 950 2192 είησαν,
966 2099 1030 2173 οἷοι
1046 2103 1109 2191 τὴν

103 2210 166 2269 τού
176 2200 363 2290 άνθρύιτου
374 2210 496 2288 σοφίαν
506 2205 582 2291 περί
592 2210 745 2282 πλείονος
754 2199 908 2288 ἡγεῖσθαι
921 2206 976 2271 καὶ
987 2200 1027 2271 τά
1042 2199 1107 2271 άπὸ

104 2299 225 2385 ταύτης
240 2300 431 2386 γιγνόμενα,
450 2301 536 2369 πολύ
553 2309 681 2387 μᾶλλον
698 2297 787 2369 *ἂν*
807 2291 905 2381 οὗτος
921 2307 988 2387 ἔχοι
1005 2306 1108 2368 διατί-

103 2405 239 2480 θεσθαι,
251 2405 342 2483 εἴπερ
353 2397 509 2484 τυγχάνοι
519 2425 554 2467 τι
568 2398 722 2486 δεόμενος
737 2401 793 2467 καὶ
805 2400 959 2485 βούλοιτο
975 2402 1031 2470 καὶ
1047 2397 1109 2467 αύ-

103 2491 165 2580 τὴν
175 2490 280 2561 καὶτὰ
293 2499 372 2580 ἔργα
383 2494 424 2562 τά
435 2493 500 2564 άπὸ
512 2497 635 2583 ταύτης
646 2501 864 2566 διατίθεσθαι.
885 2492 977 2585 ἢτης
985 2496 1047 2586 μὲν
1057 2503 1108 2566 οί-

104 2591 209 2679 κίαςῆ
218 2617 254 2661 τε
262 2599 377 2679 χρῆσις
390 2591 495 2680 πολλὴ
514 2594 668 2680 τυγχάνει
687 2588 773 2671 ούσα
788 2598 844 2665 καὶ
861 2593 1035 2681 ἀναγκαία,
1052 2596 1108 2663 καὶ

103 2690 230 2776 μεγάλα
239 2698 287 2780 τῷ
297 2687 469 2782 άνθρύπφ
479 2690 519 2761 τά
530 2689 731 2780 διαφέροντα
742 2694 783 2764 τά
793 2693 876 2780 πρὸς
892 2693 952 2763 τὸν
968 2702 1054 2781 βίον,
1071 2697 1108 2761 ἐν

103 2796 143 2877 τῇ
159 2789 296 2878 τοιαύτη
314 2794 403 2880 οίκίρι
418 2796 523 2861 οίκείν
539 2789 704 2880 μάλλονῆ
721 2795 758 2861 ἐν
769 2799 898 2880 σμικρῷ
912 2794 968 2860 καὶ
987 2791 1107 2884 φαύλφ

70 2909 90 2956 E
105 2891 246 2976 οίκιδίφ·
268 2895 327 2975 τῆς
338 2890 374 2957 δὲ
384 2896 504 2977 σοφίας
518 2889 541 2978 ἥ
549 2917 585 2959 τε
594 2901 685 2979 χρεία
697 2889 811 2977 ὀλίγον
822 2889 895 2969 ἀξία
905 2894 960 2958 καὶ
975 2890 1015 2956 τὰ
1033 2895 1108 2957 δια-

105 2986 249 3070 φέροντα
260 2987 391 3073 σμικρά,
408 2984 431 3074 ἢ
449 2996 543 3079 σοφῷ
559 2984 582 3076 ἢ
598 2990 724 3077 άμαθεί
737 2988 822 3057 εἶναι
838 2989 913 3071 περὶ
926 2992 994 3054 τῶν
1011 2995 1103 3072 μεγί-

106 3101 209 3162 “ww
219 3077 241 3167 ἦ
252 3083 373 3154 τούτου
383 3089 445 3171 μὲν
454 3104 676 3175 καταφρονεῖν
686 3086 764 3166 τούς
779 3085 984 3172 ἀνθρώπους
994 3090 1048 3154 καί
1060 3088 1105 3175 μὴ

106 3176 189 3248 εἶναι
204 3175 341 3267 ὠνητάς,
353 3190 411 3269 τῆς
422 3188 458 3252 δὲ
471 3192 675 3270 κυπαρίττου
685 3193 743 3272 τῆς
753 3188 790 3253 ἐν
801 3191 842 3274 τῇ
853 3189 939 3273 οίκίφ
949 3187 1005 3251 καί
1015 3191 1106 3253 Πεν-

106 3284 244 3346 τελικοίν
258 3286 365 3347 λίθοιν
377 3281 522 3363 πολλούς
537 3282 616 3363 τούς
627 3287 804 3369 δεομένους
819 3309 856 3351 τε
872 3284 927 3351 καὶ
941 3290 1105 3371 βουλομέ-

99 3397 185 3449 νους
191 3382 370 3457 πρίασθαι;
389 3379 516 3450 οὔκουν
533 3377 577 3450 άν
594 3390 629 3451 εί
644 3407 683 3468 γε
700 3379 804 3468 σοφδς
819 3391 870 3469 εἴη
887 3384 1103 3470 κυβερνήτης,
