2408 3764
41 228 45 239 ,
144 161 207 226 214
273 242 281 259 Ι
455 161 840 221 ΠοοΛΕοοοικΝΑ
1117 170 1153 229 το

145 318 276 429 ἰστιν,’“
254 350 282 429 η
290 318 483 427 διανοητά,’
464 347 550 385 ατινα
564 317 673 396 εἰκόνες
688 322 743 383 εἰσί
756 328 816 384 τοῖν
818 330 954 424 νοητῶν,
975 351 995 406 η
982 318 1151 408 ’“αίσθητά,

145 439 165 474 α
149 406 230 473 “ml
245 403 321 472 αυτά
342 403 453 482 εἰκόνες
466 405 576 469 εἰσί
535 430 595 468 των
609 399 832 486 διανοητοῖν,’“
805 431 831 507 η
846 402 955 482 εἰκόνες
969 414 1029 471 τοῖν
1044 413 1152 492 αἰσθη-

144 501 257 597 τοῖγ,ο
242 490 303 555 οἰαί
316 493 438 555 εἰσιν
405 516 436 552 αι
449 485 508 552 ὑπὸ
522 494 582 552 τῶν
594 489 734 591 γραφέων
747 485 909 592 γινόμεναι,
925 493 977 554 καί
991 496 1153 594 περαιτέρω

143 575 256 643 τοότων
271 570 358 639 οόδέν
368 576 455 654 ἐστιν,
470 569 647 656 ωςιέσσαρα
656 597 724 635 τινα
736 567 897 636 κανταυθα
908 572 999 638 εἰναι
992 571 1096 640 καί
1078 603 1152 641 ανα

144 669 228 765 λογεῖ
236 654 342 763 μέγ’
309 686 347 723 τα
364 655 508 766 πρόσωπα
526 664 586 731 τοῖς
600 664 731 758 νοητοῖς,
753 665 814 732 τοῖς
835 659 867 721 δὲ
881 656 1100 740 διανοητοῖς“
1068 687 1152 725 τα
1120 663 1152 725 6

143 742 255 808 τοότων
269 738 453 808 άκοόσανια·
475 737 540 804 οἷον
557 735 617 842 γάρ
633 736 743 815 εἰκόνες
764 742 820 803 εἰσί
838 748 898 804 τοῖν
912 741 1088 847 προσώπων
1097 740 1151 809 αό-

142 853 202 893 των
217 821 308 932 αότά,
331 824 469 912 καθάπερ
484 819 584 887 καί
551 849 588 887 τα
604 818 757 928 διανοητδι
758 831 818 888 τῶν
831 849 960 906 νοητων·
983 835 1044 904 τοῖς
1059 825 1088 891 δ’
1105 833 1150 892 αἰ-

143 920 265 995 σθητοῖς
279 907 478 1017 ἀναλογοῦσιν
493 912 527 972 οῖ
536 903 697 991 δεότεροι’
679 904 868 984 ακοόσαντες.

225 1003 299 1059 XXI.
315 992 462 1098 Ἔνγατον
476 993 524 1056 έπί
536 1000 597 1067 τοῖς
612 993 778 1102 εἰρημένοις
786 997 834 1057 δεῖ
840 1000 961 1075 ζητῆσαι
977 993 1149 1077 κεφάλαιον,

142 1081 176 1143 έν
191 1077 293 1144 πόσων
308 1075 446 1154 κανόνων
465 1081 513 1141 δεῖ
528 1082 631 1181 θηρᾷν
649 1074 701 1140 τὸν
723 1073 848 1180 έκάστορ
868 1076 1022 1162 διαλόγου’
1029 1078 1149 1145 σκοπόν.

140 1168 241 1274 χρεί
203 1190 222 1227 α
231 1161 290 1248 γάρ
306 1165 365 1227 ἐστι
375 1168 480 1226 τοῦτον
494 1167 599 1268 ζητεῖν,
614 1155 746 1266 έπῖιδὴ“
726 1188 766 1237 ως
777 1156 864 1236 αότδς
878 1165 955 1246 λέγει
965 1164 997 1226 ἐν
1010 1167 1147 1266 Φαίδρω·

141 1278 166 1316 ω
181 1256 250 1327 παῖ,
273 1254 326 1328 μία
345 1250 413 1351 τίς
410 1248 488 1309 ἔστιν
508 1240 577 1320 ὁδὸς
597 1252 658 1320 τοῖς
677 1249 815 1349 μέλλουσι
832 1253 929 1322 καλως
943 1229 1148 1350 βουλεόεσθάι,

133 1334 267 1412 εἰδέναι,
289 1332 356 1434 περὶ
375 1320 413 1395 οὗ
428 1324 502 1432 άνὴ
523 1325 631 1410 βουλή·
651 1325 751 1412 ἐπειδὴ
767 1335 820 1392 τοῦ
838 1325 949 1433 παντὸς
968 1325 1149 1415 άμαρτάνειν

141 1413 274 1521 άνάγκη·
288 1439 352 1489 πως
362 1439 417 1477 ουν
431 1407 523 1478 αὐτοῦ
536 1436 622 1476 τουτο
631 1415 765 1498 λέγοντος
774 1413 1020 1497 παραιτησομεθα
1032 1418 1132 1479 έπί
1091 1442 1149 1480 των
1187 1469 1191 1475 ,

140 1496 234 1565 αὐτοῦ
246 1494 483 1601 συγγραμμάτων
497 1493 529 1562 τό
545 1499 663 1578 εἰδέναι,
679 1498 789 1600 περίί
760 1523 775 1559 τ
788 1521 838 1572 νος
849 1499 958 1563 εκαστα
970 1503 1147 1604 διαλέγεταις

141 1588 193 1649 έιι
190 1577 266 1647 6⁸⁸⁸
245 1608 285 1646 αν
298 1577 452 1663 μάλλον’
423 1606 455 1645 το
467 1580 610 1667 χρησιμων
623 1587 674 1664 τῆς
687 1576 824 1662 τοιαόιης
834 1580 978 1684 ζητήσεως
988 1582 1146 1666 μάθοιμεν,

140 1671 167 1731 εἰ
180 1694 218 1751 τη
204 1670 323 1754 διπλη
339 1691 399 1731 των
413 1667 585 1769 ἐπιγραφῶν
603 1673 662 1730 τῶν
680 1669 823 1765 πλείσγων
835 1664 983 1750 διαλόγων
997 1670 1148 1751 προσέχοι-

139 1777 204 1833 μεν.
221 1745 387 1827 ἕκαστος’
351 1776 409 1835 γαρ
425 1746 527 1862 ’σχεδίην
542 1754 659 1832 διπλην
664 1742 763 1855 ἔχει
730 1773 787 1830 την
799 1748 976 1853 ίπνγραφην,
994 1750 1059 1815 οἷον
1073 1755 1148 1816 Φαί-

141 1842 202 1900 δων
214 1862 236 1917 η
221 1829 317 1941 “περί
333 1841 448 1944 ψυχῆς,
464 1862 516 1900 και
506 1829 690 1917 Φαῖδρος
673 1859 695 1915 η
690 1831 774 1938 ’περί
788 1831 932 1915 κάλλους,
955 1836 1004 1897 και
1021 1859 1050 1896 οι
1042 1833 1150 1900 άλλοι

141 1919 247 1994 οὕτως·
263 1912 425 2001 άδηλονς
388 1944 444 1983 ουν
458 1923 518 1984 έστί
516 1919 624 2023 ,περί
612 1914 732 1982 ποίου”
712 1944 770 2001 αρα
781 1926 840 1982 τῶν
854 1919 1031 2021 εγκειμένων
1036 1943 1073 2003 τη
1059 1921 1148 1984 ἐπι·

139 2029 242 2090 γραφη
230 2005 436 2088 διαλέγεται·
459 2000 515 2068 οόκ
529 2000 587 2085 άρα
605 1993 740 2110 άγρείως
748 2009 889 2105 ζητοῖμεν
903 2007 989 2065 τοῦτο
1002 1996 1035 2067 τὸ
1051 2002 1146 2105 κεφά-

141 2096 232 2154 λαιον.
256 2089 289 2152 έκ
303 2089 376 2151 δέκα
388 2091 491 2154 τοίνυν
505 2088 674 2165 κεφαλαίων
687 2094 791 2151 τοῦτον
804 2082 939 2171 θηράσων
953 2083 1099 2151 δυνατόν·
1116 2089 1148 2152 ἐκ

139 2197 191 2236 του
178 2166 274 2248 ἑνός
288 2173 340 2235 καί
354 2198 407 2237 του
393 2170 567 2272 πλήθους,
583 2170 615 2232 έκ
626 2194 679 2235 του
665 2168 824 2235 καθόλου
836 2172 887 2233 καί
898 2195 1033 2318 μερικου,
1051 2173 1083 2236 ἐκ
1095 2179 1147 2236 τοῦ

139 2253 209 2320 όλου
222 2256 274 2320 καί
288 2258 409 2341 μέρους,
426 2259 459 2321 έκ
472 2278 523 2318 του
509 2247 709 2359 ὁλοσχεροῦς
722 2256 774 2318 καί
788 2255 955 2356 βεβαίοο,έ
955 2281 973 2318 κ
987 2280 1039 2319 του
1026 2261 1146 2342 κρείτ

138 2365 222 2444 τογος
238 2341 290 2403 καί
306 2346 450 2425 χείρονος,
471 2341 504 2402 ἐκ
517 2344 570 2401 τοῦ
589 2336 753 2482 συμφάγου
767 2338 818 2399 καί
820 2331 1028 2422 άσυμφάνου,
1049 2342 1082 2404 έκ
1095 2346 1147 2404 τοῦ

138 2449 180 2527 μη
194 2421 270 2487 κατά
285 2449 364 2501 τινος
378 2429 531 2531 εἰρησθαι,
554 2422 654 2484 έκτοιῖ
668 2448 710 2524 μη
725 2421 852 2524 έμπαθη
862 2419 990 2505 είναι,έ
976 2426 1009 2488 ἐκ
1023 2450 1083 2488 των
1096 2418 1146 2509 όρ·

137 2506 250 2609 γάνων,
266 2509 365 2592 ἕκτης
377 2507 459 2590 όλης.
474 2506 507 2569 έκ
522 2505 576 2608 μέν
586 2528 637 2567 του
624 2498 717 2580 ἑνός
734 2506 786 2568 καί
799 2530 851 2569 του
838 2469 1012 2612 πλήθους,
1029 2513 1080 2573 ἴνα
1095 2511 1147 2611 έηα

139 2586 253 2655 σκοπόν
273 2594 401 2676 λέγωμεν
423 2583 546 2692 ἔχειν’
516 2615 569 2652 τον
585 2584 733 2693 διάλογον
738 2583 840 2652 καῖ’
803 2617 845 2673 μη
857 2590 993 2668 πολλοός.
1014 2618 1076 2667 πως
1089 2588 1147 2693 γάρ

137 2669 263 2752 πολλοὺς
285 2679 401 2759 έμελλεν
414 2668 542 2776 σηοποδς
557 2667 662 2777 ἔχειν’
650 2698 667 2738 ο
680 2670 819 2782 διάλογος
833 2673 1010 2779 Πλάτωνος,
1027 2683 1079 2738 τοῦ
1093 2673 1145 2737 οδ

137 2786 193 2835 τως
208 2754 410 2865 άηυμνοῦντρς
424 2752 457 2820 τό
449 2753 600 2861 θεῖον,’
583 2779 667 2862 οπερ
669 2758 702 2821 έν
717 2760 790 2836 ἕσας
815 2761 868 2822 καί
887 2757 995 2863 άλλως,
1016 2751 1093 2822 εἶ’
1056 2757 1146 2835 αυτός

137 2840 241 2907 έστιν“
229 2871 246 2948 ρ
260 2838 403 2947 λέγων,η”
386 2864 432 2905 οτι
444 2866 461 2906 ο
449 2836 612 2923 ’διάλογος
627 2838 692 2930 ζάω
706 2844 816 2947 έοικεν,
832 2839 933 2926 έπειδη
948 2838 1028 2907 καλό
1043 2839 1144 2946 λόγος;

136 2934 195 3003 πᾶς
203 2924 271 3031 γάρ
276 2925 361 3030 λόγος
369 2921 475 3008 άριστα
487 2906 687 3032 γεγραμμένος
700 2923 793 3014 ζάω’
777 2953 836 2990 ανα
890 2936 927 2991 εῖ·
944 2915 1016 2990 εἰς
977 2951 1035 2990 ουν
1048 2951 1064 3028 ρ
1052 2921 1143 2990 ⁸666·

136 3022 222 3119 λογος
232 3009 296 3090 ζάω
312 3004 503 3092 άναλογεῖ,“
473 3033 507 3073 το
522 3009 554 3072 δέ
564 3015 639 3085 ζῶον
646 3014 683 3074 ἓν
693 2990 772 3113 τέλός
783 3015 856 3116 ἔχει
850 3039 883 3077 το
894 3006 1021 3094 άγαθόν,
1032 3005 1065 3074 τό
1076 3006 1144 3076 ’ότον

136 3097 224 3201 χάριγ
238 3075 289 3160 καί
303 3094 443 3176 γέγονεν,
437 3088 536 3157 καί
523 3118 540 3157 ο
547 3090 733 3197 διάλογος’
712 3119 772 3202 αρα
783 3100 820 3160 ἓν
841 3089 950 3180 όφείλει
960 3097 1040 3198 ἔχειν
1054 3097 1142 3176 τέλος,

135 3188 204 3253 τοῦτ
208 3175 318 3241 ’ἐστίν
333 3178 385 3240 ένα
405 3174 526 3242 σκοπόν.
547 3173 621 3241 όθεν
643 3172 700 3242 οὐκ
721 3176 899 3246 άποδεκτέον
919 3201 988 3253 τους
1008 3181 1144 3263 λέγοντας

97 3264 100 3270 ’
134 3273 212 3349 τρεῖς
222 3256 358 3325 εἶναι’
310 3287 378 3338 τους
388 3260 517 3337 σκοπονς
529 3285 582 3325 του
569 3265 761 3341 Φαίδωνος,
777 3266 843 3348 περί
857 3259 991 3328 άθανασί
990 3290 1025 3340 ας
1036 3273 1143 3371 ψγχης,

130 3374 185 3411 και
177 3348 267 3430 περί
282 3341 479 3429 εόθανασίας,
495 3346 627 3429 καὶπερὶ
642 3344 809 3428 φιλοσόφον
820 3352 902 3430 βίον·
919 3355 1018 3425 κακῶς
1035 3351 1090 3413 οὐν
1104 3346 1143 3424 ὡς
