2408 3764
415 154 678 217 σπεευοκυ
697 148 730 230 ξ.
924 141 936 163 ·
1037 155 1081 224 61

65 327 108 393 ἐν
118 335 190 413 ταῖς
204 321 342 410 πράξεσι
355 320 582 405 γραφομένων
592 311 614 402 ἢ
625 318 681 383 καὶ
691 317 951 405 τορνευθέντων
961 318 1082 406 μεστός

65 427 132 491 τού
143 416 300 490 ἐναντίου
313 419 382 487 ἐστί
393 423 441 507 τῷ
452 416 606 504 πέμπτφ·
629 420 692 481 τού
709 414 775 506 γάρ
794 416 918 499 εὐθέος
934 416 1083 504 έφάττε-

63 547 122 590 ται
134 521 260 607 πάντη·
283 516 387 599 αὐτὸς
397 517 446 605 δέ,
459 515 583 602 φαμέν,
596 508 806 594 ὁκύκλος”
761 541 843 585 οντε
853 544 885 586 τι
901 516 1082 606 σμικρότε-

67 646 132 710 ρον
139 646 220 689 ουτε
232 622 393 707 μείζου
351 642 412 704 της
422 618 578 693 ἐναντίας
588 615 656 697 ἔχει
664 610 752 677 έν
712 621 802 704 αυτῷ
814 617 959 702 φύσεως.
973 615 1082 704 ὄνομά

65 745 105 788 τε
116 716 353 805 αὐτωνφαμὲν
364 713 446 782 οὐδὲ
446 738 468 779 ν
487 708 604 778 οὐδενὶ
616 712 755 797 βέβαιον
772 680 867 800 έῖναι,
883 712 1075 786 κωλύεινδ’
1095 730 1117 780 Β

67 818 221 889 οὐδὲν
185 846 226 887 τα
238 825 306 886 νύν
318 812 514 901 στρογγύλα
525 808 718 895 καλούμενα
728 807 833 878 εὐθέα
842 823 1028 902 κεκλησθαι
1038 816 1081 884 τά

65 944 105 986 τε
122 916 230 986 εὐθέα
246 916 288 1001 δὴ
304 911 507 998 στρογγύλα,
525 911 581 977 καί
568 901 739 976 λούδὲν
715 904 818 994 ηττον
837 917 978 996 βεβαίως
994 916 1081 996 έξειν

65 1031 138 1098 τοῖς
156 1014 399 1103 μεταθεμένοις
415 1010 471 1078 καὶ
492 1011 651 1089 ἐναντίως
669 1015 823 1078 καλοῦσι.
846 1010 903 1077 καὶ
920 1011 989 1097 μὴν
1002 1018 1082 1106 περὶ

69 1116 180 1199 λόγου
191 1108 259 1198 γεὸ
276 1133 379 1189 αντος
388 1107 497 1196 λυγος,
507 1116 602 1196 είπερ
615 1103 682 1188 ξ
664 1132 843 1195 ονοματων
854 1111 911 1176 καὶ
925 1109 1083 1199 ῥημάτων

69 1214 255 1298 σύγκειται,
266 1207 371 1296 μηδὲν
387 1209 512 1288 ίκανοῖς
522 1210 622 1295 βεβαί
621 1230 666 1285 ως
607 1205 764 1274 ίείναι
782 1209 939 1295 βέβαιον·
963 1210 1084 1294 μυρίος

72 1312 111 1378 δὲ
122 1309 221 1396 λόγος
232 1335 274 1376 αν
264 1302 364 1395 περί
374 1305 520 1375 ἑκάστου
537 1312 605 1373 τῶν
621 1306 800 1395 τεττάρων,
819 1302 867 1387 οἱς
883 1303 1080 1394 άσοιφές,τδ

72 1407 110 1476 δὲ
119 1409 285 1495 μέγιστον,
298 1403 382 1493 ὅπερ
401 1402 669 1492 είπομενόλίγον
681 1397 888 1493 ἔμπροσθεν,
911 1402 965 1474 ότι
984 1408 1084 1472 δνοίν

69 1505 197 1593 όντοιν,
209 1512 272 1573 τού
283 1530 320 1572 τε
334 1501 435 1584 όντος
446 1505 503 1572 καὶ
514 1511 577 1572 τοῦ
589 1511 692 1574 ποιού
702 1505 806 1593 τινός,
819 1502 862 1574 οὐ
873 1504 912 1574 τό
925 1504 1027 1574 ποιόν
1037 1527 1081 1592 τι,

67 1604 105 1673 τὸ
122 1605 160 1672 δέ
171 1609 206 1671 τί
221 1601 383 1695 ζητούσης
395 1603 520 1670 είδέναι
537 1609 597 1690 τῆς
612 1608 732 1691 ψυχῆς,
752 1603 789 1671 τό
807 1601 854 1691 μη
872 1602 1079 1690 ζητούμενον
1097 1620 1117 1674 c

17 1708 20 1713 ’
68 1707 298 1774 ἕκαστοντῶν
319 1702 489 1790 τεττάρων
505 1701 672 1792 πρότερον
688 1709 729 1792 τῇ
746 1704 838 1791 ψυχῇ
859 1702 949 1793 λόγῳ
971 1727 1008 1770 τε
1025 1704 1083 1769 καὶ

68 1805 143 1871 κατ’
161 1807 252 1890 ἔργα,
272 1799 473 1888 αἰσθήσεσιν
491 1796 690 1887 εὐέλεγκτον
708 1799 747 1890 τό
765 1826 803 1869 τε
818 1800 1005 1887 λεγόμενον
1026 1801 1082 1868 καί

68 1901 294 1988 δεικνύμενον
312 1898 364 1968 ἀεὶ
385 1900 618 1988 παρεχόμενον
636 1901 791 1987 ἕκαστον,
808 1897 951 1986 ἀπορίας
967 1924 1004 1967 τε
1025 1900 1081 1966 καὶ

70 1997 233 2087 ἀσαφείας
244 2001 425 2086 ἐμπίπλησι
436 1997 546 2083 πάσης
557 1995 603 2078 ὡς
620 2002 699 2079 ἔπος
716 2003 822 2067 εἰπεῖν
841 1994 940 2066 πάντ’
959 1997 1080 2085 ἀνδρα.

70 2099 107 2165 έν
118 2094 186 2166 οἶσι
198 2095 261 2184 μέν
272 2089 337 2173 οὐν
354 2095 436 2183 μηδ’
451 2098 638 2182 εἰθισμένοι
654 2094 692 2164 τό
711 2093 838 2184 ἀληθές
854 2102 963 2183 ζητείν
980 2096 1081 2180 ἐσμέν

24 2248 27 2255 ,
69 2195 135 2266 ὑπὸ
150 2203 301 2286 πονηράς
310 2201 450 2284 τροφῆς,
463 2193 641 2285 έξαρκετδέ
651 2193 695 2263 τό
708 2197 880 2284 προταθὲν
894 2200 964 2264 τούν
983 2192 1081 2261 ⁸666-

69 2303 152 2380 λων,
164 2292 206 2361 οὐ
218 2299 457 2381 καταγέλαστοι
470 2294 661 2382 γιγνόμεθα
677 2291 740 2362 ὐπ’
759 2291 927 2383 ἀλλήλων,
944 2296 981 2362 οί
995 2294 1081 2381 ἐρω-

69 2391 215 2477 τύμενοι
227 2389 294 2461 ὐπὸ
307 2401 377 2463 τοῖν
387 2394 604 2483 έρωτοόντων,
616 2396 818 2481 δυναμένων
834 2393 872 2463 δέ
883 2391 925 2462 τά
935 2395 1075 2483 τέτταρα
1092 2419 1115 2470 1>

71 2494 281 2574 διαρρίπτειν
292 2517 328 2558 τε
339 2493 611 2580 καὶέλέγχειν·έυ
622 2487 1082 2581 οἶςδΜαντοπέμπτονάπο-

70 2595 254 2677 κρίνοισθαι
265 2592 321 2657 καὶ
332 2595 462 2685 δηλοῦν
477 2589 763 2680 ἀναγκάζωμεν,
747 2620 766 2661 υ
785 2594 996 2681 βουλόμενος
1012 2616 1082 2660 των

72 2687 273 2773 δυναμένων
284 2683 485 2777 ἀνατρέπειν
495 2705 621 2778 κρατεῖ,
638 2691 695 2760 καὶ
712 2705 805 2760 ποιεί
818 2690 880 2760 τὸν
899 2689 1083 2777 ἐξηγούμε-

71 2811 134 2853 νον
152 2788 191 2853 έν
208 2783 362 2872 λόγοις”
339 2814 362 2875 η
380 2788 571 2875 γράμμασιν
591 2818 613 2876 η
599 2785 835 2877 “άποκρίσεσι
856 2800 926 2866 τοῖς
947 2792 1084 2864 πολλοῖς

71 2892 139 2954 τόν
151 2911 351 2959 ακονοντων
361 2891 477 2955 δοκεῖν
487 2888 593 2974 μηδὲν
603 2878 846 2974 γιγνώσκειν
818 2911 868 2953 ων
880 2880 1082 2973 άνέπιηειρῇ

71 2983 217 3072 γράφειν
228 3010 249 3070 η
235 2979 416 3073 ”λε’γειν,’
396 2983 617 3072 αγυοούντων
627 2979 776 3072 ἐνίοτε,’
752 3009 799 3063 ως
810 2979 905 3070 οὐηὴ
916 2979 1008 3071 ὐνηη
1018 2987 1082 3051 τού

71 3082 263 3170 γράψαντος
279 3109 300 3169 η
285 3080 475 3165 ”astemoe
491 3087 670 3171 ἐλέγχεται,
684 3079 761 3153 ἀλλ’-
784 3108 806 3169 η
824 3086 910 3150 τάν-·.·
925 3088 929 3095 “

73 3181 177 3267 φυσις
188 3181 342 3269 εκαστου,
354 3196 529 3271 πεφυκυῖα
540 3181 690 3271 φαύλως.
711 3179 782 3269 ηδὲ
797 3179 856 3250 διά
934 3264 946 3271 ..

72 3305 142 3348 των
152 3279 349 3369 διαγωγή,”
326 3308 398 3350 ανω
408 3285 466 3351 καὶ
482 3282 572 3352 κάτω
589 3288 839 3373 μεταβαίνουσα
854 3276 915 3368 ἐφ’Ι

72 3377 170 3466 μόγις
180 3381 365 3469 ἐπιστήμην
376 3376 577 3452 ένέτεκενεύ
584 3374 823 3474 πεφυκότοςεύ
831 3405 877 3451 πε
