2408 3764
125 199 169 267 εκ
472 192 788 273 κοικυοκιῑξ.

125 359 254 449 ἡδονήν
275 373 405 447 ποριεῖν
426 357 518 449 αύτῷ
546 358 829 447 τούμπίπλασθαι,
852 361 979 448 τυφλός
1001 358 1052 431 δν
1074 368 1130 433 καὶ

126 457 189 545 ούχ
201 456 304 547 δρῶν,
317 451 367 536 οἷς
381 461 557 537 ξυνέπεται
568 465 637 526 τοῖν
654 456 881 547 ἁρπαγμάτων
897 459 1131 550 ἀνοσιουργία,

126 555 232 641 κακόν
243 554 360 643 ἡλίκον
372 553 424 625 ἀεί
433 554 500 642 μετ’
514 555 717 645 ἀδικήματος
729 558 882 646 ἑκάστου,
894 557 938 647 ἣν
944 557 1131 646 ἀναγκαίου

127 663 173 747 τῷ
189 653 386 742 ἀδικήσαντι
408 658 629 743 συνεφέλκειν
646 659 704 726 ἐπί
722 684 759 725 τε
780 666 823 748 γή
841 661 1059 750 στρεφομένῳ
1076 664 1131 730 καὶ

93 785 112 834 c
129 753 196 824 ὑπὸ
209 761 270 840 γῆς
284 751 485 841 νοστήσαντι
497 762 636 841 πορείαν
647 753 768 843 άτιμόυ
782 782 818 825 τε
833 759 890 825 καὶ
906 755 1033 826 ἀθλίαν
1043 760 1132 829 πάν-ι

127 879 191 932 τως
212 862 371 945 πανταχῇ.
392 863 510 925 Δίωνα
531 856 573 943 δή
591 856 656 942 έγοὶ
675 860 783 944 λέγων
804 859 909 928 ταύτά
925 885 961 927 τε
975 861 1033 928 καί
1047 858 1131 931 ἀλλα

128 958 266 1021 τοιαῦτα
277 959 429 1041 ἔπειθον,
441 956 497 1023 καί
513 968 582 1034 τοῖς
598 952 835 1026 ἀποκτείνασιν
852 961 984 1026 ἐκεῖνον
1000 959 1130 1028 δικαιό-

128 1049 199 1121 τατ’
216 1048 259 1121 ἀν
269 1053 462 1140 ὀργιζοίμην
473 1051 539 1139 ἐγω
550 1053 678 1140 τρόπον
688 1056 764 1123 τινὰ
782 1054 962 1143 ὁμοιότατα
979 1062 1127 1127 κοάΔιο-

128 1160 250 1245 νυσίφ·
274 1152 459 1239 ἀμφότεροι
469 1149 534 1239 γάρ
549 1153 606 1239 ἐμὲ
623 1155 679 1219 καί
695 1151 776 1232 τούς
792 1152 915 1237 ἀλλους
931 1153 977 1238 ὡς
988 1163 1069 1239 ἔπος
1082 1163 1129 1226 εί·

130 1266 206 1321 πεῖν
217 1249 366 1330 ἅπαντας
376 1247 417 1319 τά
428 1253 565 1337 μέγιστα
575 1255 724 1338 ἔβλαψαν
731 1248 948 1341 ἀνθρώπους,
956 1259 992 1324 οί
999 1255 1063 1343 μὲν
1071 1255 1131 1327 τόν

129 1350 341 1438 βουλόμενον
365 1349 565 1438 δικαιοσύνῃ
592 1359 739 1438 χρῆσθαι
761 1358 1029 1443 διαφθείραντες,
1051 1353 1071 1422 ὁ
1095 1356 1133 1424 δὲ

130 1447 233 1518 οὐδέν
250 1447 413 1534 ἐθελήσας
435 1448 625 1536 χρήσασθαι
647 1452 846 1541 δικαιοσύνῃ
868 1450 925 1520 διά
948 1452 1052 1539 πάσης
1071 1461 1132 1539 τής

91 1579 112 1628 1>
131 1547 243 1636 ἀρχῆς,
256 1554 415 1634 μεγίστην
426 1547 573 1636 δύναμιν
584 1555 680 1638 ἔχων,
691 1554 729 1618 ἐν
740 1544 762 1640 ή
772 1553 936 1639 γενομένη
948 1559 1131 1639 φιλοσοφία

130 1672 167 1715 τε
180 1648 237 1715 καί
248 1645 391 1735 δύναμις
403 1642 509 1726 όντως
523 1649 561 1714 έν
578 1646 688 1739 ταύτῷ
705 1648 762 1717 διά
783 1651 920 1718 πάντων
937 1646 1132 1736 ἀνθρώπων

125 1745 293 1834 Ἑλλήνων
305 1773 341 1816 τε
352 1750 408 1816 καὶ
419 1748 601 1838 βαρβάρων
612 1749 791 1836 λάμψασαν
801 1753 923 1829 ίκαυύς
935 1749 1037 1830 δόξαν
1045 1774 1132 1837 παρ-

106 1856 110 1865 ’
130 1851 247 1934 έστησε
268 1853 352 1915 πᾶσι·
366 1845 429 1932 τήν
446 1844 568 1934 ἀληθῆ,
588 1845 633 1928 ὡς
646 1844 712 1915 ούκ
722 1845 766 1917 ἀν
777 1871 857 1916 ποτε
873 1848 1005 1932 γένοιτο
1018 1845 1133 1916 εύδαί-

129 1972 203 2032 μων
215 1943 295 2014 ούτε
309 1947 406 2026 πόλις
417 1942 491 2014 οὔτ’
511 1945 597 2034 ἀνήρ
609 1943 732 2034 ούδείς,
745 1942 783 2025 δς
796 1941 840 2014 ἀν
851 1944 896 2032 μή
908 1943 991 2031 μετὰ
1001 1947 1134 2032 φρονήε

130 2066 215 2126 σεως
236 2041 303 2115 ὑπὸ
327 2049 525 2135 δικαιοσύνη
540 2044 689 2134 ,διαγάγη
710 2045 770 2113 τόν
792 2051 879 2132 βίον,
896 2041 971 2128 ήτοι
988 2044 1024 2109 ἐν
1043 2042 1136 2134 αύτρί

132 2140 365 2233 κεκτημένοςή
378 2143 481 2213 ὁσίων
492 2141 628 2230 ἀνδρων
639 2141 813 2227 ἀρχόντων
831 2142 868 2207 ἐν
878 2137 979 2223 ήθεσι
996 2149 1135 2219 τραφείς

94 2273 112 2319 E
130 2245 233 2311 τεκαὶ
245 2245 440 2322 παιδευθεὶς
453 2245 600 2319 ἐνδίκως.
613 2239 792 2323 ταῦταμὲν
801 2233 985 2312 Διονύσιος
997 2237 1132 2318 ἔβλαψε·

130 2338 171 2405 τά
192 2340 229 2406 δὲ
251 2338 337 2411 ἀλλα
355 2338 478 2426 σμικρά
496 2336 539 2404 ἀν
560 2345 610 2421 είη
628 2333 713 2416 πρός
723 2331 828 2400 ταῦτά
845 2355 902 2417 μοι
916 2329 1041 2418 βλάβη·
1064 2326 1133 2399 ὅδὲ

131 2428 248 2502 Δίωνα
260 2434 459 2514 ἀποκτείνας
465 2431 529 2501 ούκ
540 2429 610 2499 οἶδε
617 2427 741 2497 ταύτόν
751 2429 1003 2515 ἐξειργασμένος
1013 2429 1131 2519 τούτῳ.

132 2536 249 2600 Δίωνα
260 2532 324 2618 γάρ
337 2529 401 2615 ἐγώ
415 2535 531 2616 σαφεῖς
543 2526 628 2614 οἶδα,
640 2523 686 2607 ’ὥς
697 2520 771 2597 οἶόν
789 2553 828 2595 τε
841 2526 918 2614 περὶ
935 2524 1132 2614 ἀνθρώπων

132 2628 319 2718 ἄνθρωπον
336 2632 609 2714 διισχυρίζεσθαι,
626 2623 689 2712 ότι,
705 2624 768 2713 τήν
786 2623 894 2713 ἀρχήν
912 2632 943 2697 εί
963 2628 1131 2712 κατέσχεν,

64 2726 66 2731 ’
133 2726 179 2809 ὡς
190 2723 254 2797 ούκ
266 2723 309 2794 ἀν
318 2714 398 2793 ποτε
412 2722 466 2819 ἐπ’
484 2722 566 2792 ἀλλο
581 2750 619 2809 γε
631 2731 738 2812 σχήμα
749 2722 852 2813 ἀρχῆς
862 2725 1021 2813 ἐτράπετο
1033 2720 1054 2811 ή
1067 2725 1133 2809 [ἐπὶ

63 2847 115 2902 336
132 2829 181 2915 τό]
196 2824 419 2914 Συρακούσας
433 2826 495 2912 μέν
512 2831 647 2912 πρῶτον
666 2823 728 2912 τήν
750 2831 893 2914 πατρίδα
913 2823 977 2912 τήν
999 2827 1132 2909 ἑαυτοῦ,

134 2928 205 2995 ἐπεὶ
215 2926 278 3011 τήν
288 2928 445 2992 δουλείαν
455 2921 559 3015 αὐτῆς
572 2921 738 3012 ἀπήλλαξε
754 2925 810 2992 καὶ
828 2924 1018 3009 φαιδρύνας
1038 2924 1134 2990 ἐλευπ

132 3031 237 3116 θερίμ
248 3025 285 3091 ἐν
297 3022 435 3109 σχήματι
447 3025 637 3112 κατέστησε,
648 3023 685 3092 τό
698 3018 884 3110 μετά,τούτ’
904 3017 947 3090 άυ
963 3021 1052 3109 πάση
1069 3046 1134 3106 μη-.

135 3131 220 3212 χανή
233 3121 395 3208 ἐκόσμησε
410 3124 526 3210 νόμοις
543 3136 612 3202 τοῖς
630 3120 842 3208 προσήκουσί
856 3145 892 3187 τε
908 3122 964 3188 καί
986 3119 1134 3206 ἀρίστοις

134 3221 214 3304 τούς
225 3227 372 3309 πολίτας,
384 3222 421 3291 τό
433 3249 469 3291 τε
481 3226 598 3310 ἐφεξῆς
608 3222 740 3301 τούτοις
752 3216 976 3308 προύθνμείτ’
992 3215 1036 3288 ἀν
1046 3227 1134 3307 πρά-

65 3396 68 3403 ,
120 3327 197 3410 iat,
208 3327 322 3390 πᾶσαν
330 3329 489 3392 Σικελίαν
501 3328 696 3404 κατοικίζειν
707 3322 762 3388 καί
778 3321 963 3405 ἐλευθέραν
981 3316 1046 3387 ἀπὸ
1065 3327 1134 3387 τῶν

126 3421 315 3510 βαρβάρων
331 3437 451 3512 ποιεῖν,
470 3421 550 3504 τούς
565 3423 628 3510 μὲν
643 3421 827 3510 ἐκβάλλων,
846 3416 927 3499 τούς
943 3417 1134 3503 δδχειρού-
