2408 3764
66 181 152 219 xxmr
482 159 716 216 censuario.

69 306 227 367 emendavit,
257 304 350 356 deiude
374 303 526 352 Turlceuses
543 302 580 351 lta
601 301 634 351 ab
653 302 756 369 integro
779 311 971 367 recensuerunt,
995 311 1024 354 ut
1044 305 1072 355 ln
1087 305 1143 358 hac

67 372 1139 504 ltts¹¹t...⁰l’t¹‚¹⁸.ott.ulffldtmt⁰⁰ttttlbttal⁰ltlmluituris

66 513 185 564 ciendum
199 520 268 572 erat,
286 516 315 560 ut
336 508 443 575 glossis,
466 521 530 570 quas
546 507 584 557 illl
606 523 666 558 cum
683 510 793 560 aliorum
807 513 1031 576 grammaticorum
1049 527 1139 562 excer-

65 583 116 646 ptis
134 580 296 646 alphabetico
312 580 357 641 qul
373 578 466 628 dicitur
481 576 568 627 ordine
584 579 782 642 conjunxerunt,
799 581 917 642 equldem
931 581 965 630 ad
977 580 1136 644 primitivum

66 650 182 700 ordinem
200 649 336 708 revocatis,
356 645 567 709 qualemcumque
582 646 701 697 Timaeus
713 647 827 698 libellum
844 649 954 715 posteris
972 649 1135 714 destinasset,

65 718 106 768 his
124 718 207 768 solum
222 724 251 766 et
274 716 415 782 simplicem
433 715 575 776 traderem
597 716 629 766 de
645 715 755 782 siugulis
775 731 841 780 qnae
858 719 984 769 mentione
1000 718 1079 783 digua
1097 719 1135 768 ai·

66 787 174 837 deantur
188 784 255 836 haee
268 785 322 836 fera
340 785 435 836 habeo:
452 782 480 834 S.
496 773 635 848 ἀκινάκης
652 786 744 851 scripsi
758 776 901 852 ἡμίτομον
914 800 962 852 pro
975 776 1135 904 ἡμίττομον

66 870 124 905 enm
150 853 267 910 Diudorl.
288 854 411 905 Thesaur.
437 855 468 904 T.
493 854 538 904 IV.
559 869 585 919 p.
608 853 667 907 173.
681 880 723 895 --
744 854 773 908 S.
804 846 996 921 donassem
1034 857 1135 906 restitui

65 913 239 990 ὑποστρέφει
260 938 307 990 pro
328 914 534 989 ὑποστρέφειν,
560 923 636 985 cujus
649 922 770 976 infinitivi
784 926 874 977 melior
889 926 1047 988 ratio'quam
1063 925 1135 975 verbi

65 993 130 1042 liniti
144 995 187 1045 vix
203 1001 319 1059 apparet.
335 1020 370 1031 -
389 992 417 1042 S.
438 984 615 1054 ἀμφιθαλεῖς
632 993 725 1056 scripsi
744 984 894 1062 ἀμφότερα
911 1008 958 1059 pro
976 983 1134 1058 ἀμφότεροι

66 1077 125 1112 cum
138 1063 224 1113 Bastio
237 1062 357 1128 Appeud.
375 1076 403 1126 p.
422 1060 465 1110 15.
488 1086 524 1095 -
550 1056 576 1107 S·
593 1046 746 1118 ἀνατείνας
763 1063 952 1130 meo'perlculo
965 1063 1026 1114 dedi
1043 1060 1133 1112 ostes

65 1145 112 1197 pro
124 1129 213 1181 θεοῖν.
229 1158 264 1169 -
282 1119 611 1207 &commonuerimus
628 1129 720 1191 scripsi
739 1126 901 1196 χρωμένοις
913 1148 960 1198 pro
976 1122 1131 1196 χριόμενοςε

64 1209 179 1267 poteram
209 1201 286 1263 etiam
313 1207 473 1261 χρωμενον,
491 1200 518 1242 at
533 1196 706 1244 accusativum
724 1204 850 1247 structura
864 1201 1020 1263 postulabat.
1046 1227 1078 1237 -
1103 1196 1129 1248 8.

65 1259 319 1333 oluocsdqompdcoa
337 1279 387 1314 non
403 1252 534 1325 τεθρόων
548 1264 594 1314 aed
607 1254 709 1329 θρύον
722 1263 859 1330 legendum
873 1281 943 1327 esse,
960 1271 1029 1331 quod
1039 1267 1134 1320 dudum

66 1335 375 1393 editoreaintcllexerunt‚
394 1331 674 1414 circumscriptaprima
690 1332 789 1399 syllaba
803 1332 889 1398 palam
905 1332 1008 1384 leci.—
1026 1336 1053 1387 S.
1065 1326 1135 1404 βλὰξ

66 1407 155 1468 ecquis
175 1410 234 1454 ante
260 1417 301 1450 me
323 1391 493 1465 quaesumus
517 1414 564 1465 pro
587 1392 757 1467 αμαρττμιοός
774 1401 936 1452 scribendum
959 1416 1015 1451 asse
1032 1406 1137 1465 viderit,

65 1475 171 1539 igneam
192 1472 369 1522 necessitatem
386 1469 514 1519 nemiuem
528 1479 680 1536 negaturum
699 1485 756 1521 esee
772 1485 857 1590 spero.
877 1495 912 1507 —-
929 1467 1072 1534 Γεννῆται
1087 1489 1137 1538 pro

65 1535 200 1607 μεννηταλ
218 1541 312 1605 scripsi
326 1552 384 1590 cum
397 1538 556 1589 Diudorflol.
573 1539 592 1592 Ι.
611 1540 643 1592 T.
652 1541 683 1590 Il.
703 1554 730 1605 p.
746 1540 778 1591 57
804 1557 812 1599 ;
832 1539 899 1589 adde
916 1536 1002 1589 Schol.
1021 1540 1135 1593 Anioch.

65 1626 92 1676 p.
112 1609 161 1661 371
176 1609 206 1660 D.
226 1635 261 1646 -
279 1605 378 1673 Δῆμος
395 1608 515 1659 revocavi
528 1623 574 1672 pro
591 1600 727 1673 θερμότης,
749 1609 818 1672 quod
836 1623 869 1659 ex
883 1608 976 1674 Toupii
990 1609 1138 1672 conjectura

65 1677 631 1813 ellitslt‘ffitdttdltltlttl
647 1677 816 1798 {offic
835 1674 1055 1813 Ρὲῖἓὲὰμῐιοῗι
1066 1673 1136 1797 ‘li

67 1764 143 1868 cellis
156 1817 242 1868 notavi
260 1806 434 1881 διεφθορός,
453 1831 505 1866 nou
521 1831 571 1880 qno
588 1818 705 1881 protinus
722 1817 861 1867 insiticium
872 1816 1023 1881 judicarem,
1042 1816 1089 1865 sed
1106 1823 1136 1875 ut

66 1886 150 1950 aliquo
163 1887 240 1937 modo
263 1892 407 1951 surruptum
425 1900 514 1935 vocem
531 1891 652 1936 notarem.
680 1912 715 1923 -
734 1885 762 1936 S.
786 1874 904 1953 ἐπιβολὴ
920 1899 987 1948 quae
1012 1898 1136 1935 saecun-

67 1957 103 2007 da·
122 1970 200 2005 mauu
217 1955 306 2006 addita
317 1956 468 2005 Turiceuses
482 1961 632 2005 annotarunt
648 1956 775 2021 subjicere
798 1970 857 2006 curu
879 1952 999 2005 cancellis
1021 1967 1073 2004 uou
1088 1951 1135 2004 du'-

66 2026 160 2085 bitavi3
189 2023 307 2087 idemque
334 2014 487 2091 Ἐτιβάδαι
511 2025 628 2087 quamvis
654 2032 802 2090 cormptum
830 2024 939 2086 retinui,
971 2030 1001 2072 nt
1028 2023 1134 2072 iuferius

67 2091 231 2159 Σιιοιρῖται,
242 2107 274 2142 ue
289 2093 347 2157 ipsa
360 2094 480 2156 autiquae
498 2093 657 2158 corruptelae
674 2095 795 2146 memoria
807 2095 911 2158 periret.
920 2120 956 2133 -
966 2092 994 2143 S.
1003 2080 1134 2157 ἐχέγγυον

67 2178 169 2226 quoque
180 2153 230 2225 τό,
253 2162 295 2212 cui
306 2163 367 2211 Tur.
378 2177 439 2213 cum
455 2159 622 2213 Schleusuero
643 2152 695 2212 τόν
718 2164 916 2223 substituerunt,
940 2175 991 2211 uou
1013 2163 1098 2210 minus
1117 2173 1134 2208 a

67 2233 232 2296 grammatico
251 2245 327 2295 quam
343 2230 474 2282 alibrario
489 2232 564 2281 scribi
580 2232 696 2296 potuisse
712 2233 811 2297 putavi.
821 2255 857 2269 -
874 2221 1009 2280 Εὔθῧναι
1027 2245 1073 2294 pro
1088 2216 1134 2277 τιῖ-

67 2291 158 2349 θύται
167 2308 285 2350 accentus
296 2299 368 2366 leges
378 2299 534 2366 flagitabant.
544 2327 580 2339 -
590 2299 617 2351 S.
628 2286 706 2365 ἦτον
723 2307 837 2350 extrema
851 2289 942 2364 μόνον
961 2288 1027 2364 οὐχὶ
1041 2305 1066 2349 et
1082 2285 1133 2345 αὖ·

67 2365 132 2417 τίνοι
149 2359 239 2432 μάλα,
259 2384 324 2431 quae
340 2368 443 2419 Bestius
463 2383 490 2437 p.
509 2368 541 2419 21
562 2370 594 2419 ab
611 2368 664 2420 alia
679 2384 758 2419 mann
774 2370 874 2434 adjecta
891 2374 1012 2429 testatur,
1028 2368 1134 2417 circum·

58 2437 168 2501 scripsi.
189 2463 224 2473 —
242 2434 269 2484 S.
282 2433 381 2495 θῶττες
400 2438 470 2489 idem
487 2427 654 2488 νολολνινοιν
671 2440 757 2504 potius
774 2453 852 2501 quam
869 2433 986 2488 νολαιεί
1018 2436 1045 2485 ln
1063 2435 1133 2487 codi-

68 2506 105 2556 cis
122 2505 271 2570 compendio
288 2506 366 2556 latere
384 2506 478 2558 docuit.
494 2533 529 2546 -
546 2506 572 2558 S.
593 2498 798 2574 ἱερομνήμονες
813 2509 900 2572 inepte
913 2506 966 2572 legi
1002 2495 1071 2555 ύλον
1082 2507 1134 2555 Tu-

68 2576 179 2626 rlceuses
194 2573 385 2632 intellexerunm
404 2577 506 2626 eosdem
525 2585 611 2626 tamen
630 2586 659 2627 ut
681 2591 733 2627 uon
750 2572 881 2626 Πυλαίαν
898 2576 946 2625 sed
963 2566 1061 2630 Πύλας
1073 2574 1134 2623 sub-

68 2647 174 2695 stituere
192 2643 311 2693 debuisse
327 2644 445 2707 arbitrer,
464 2644 599 2695 Aeschinis
614 2645 686 2696 locus
703 2645 778 2711 iacit,
798 2661 873 2709 quem
887 2645 1054 2712 grammatico
1075 2650 1135 2693 aute

68 2714 157 2765 oeulos
177 2713 259 2763 luisse
273 2713 403 2776 suspicor,
422 2715 480 2762 adv.
500 2712 612 2778 Ctesiph.
631 2715 657 2776 S.
677 2713 740 2765 184:
759 2710 837 2773 τέλος
855 2706 887 2764 dl
905 2710 1081 2778 ψηφίζονται
1099 2700 1135 2776 ἥ-

68 2797 128 2833 κειν
146 2772 213 2840 τούς
234 2772 443 2847 ἱερομνήμονας
462 2773 519 2845 ττρὸ
543 2779 595 2845 τῆς
612 2773 747 2848 ἐπιούσης
775 2781 903 2839 Πνλτιίας
922 2772 954 2830 ἐν
973 2773 1051 2848 ὁητῷ
1068 2773 1135 2846 χρό-

68 2865 108 2918 νῳ
126 2845 168 2909 είς
185 2841 284 2908 Πύλας
302 2843 419 2915 ἔχοντας
437 2840 529 2914 δόγμα
546 2865 573 2899 ιι.
593 2864 618 2900 τ.
639 2851 663 2900 λ.
683 2880 718 2890 -
736 2853 765 2903 S.
784 2848 957 2917 supedaneis
979 2851 1057 2917 vulgo
1083 2864 1136 2914 χω-

68 2912 141 2985 ρήσῃ
162 2920 307 2985 legebatur;
334 2920 452 2982 equidem
476 2918 527 2969 leni
544 2922 681 2971 mutatione
696 2922 810 2972 llrturum
825 2920 952 2970 substitui.
969 2946 1003 2957 —
1019 2918 1047 2972 S.
1065 2911 1135 2969 ιινοὶ-

67 3001 123 3051 φος
141 2990 209 3051 quod
223 2988 285 3037 Tur.
304 2988 451 3052 abjecerunt
468 2972 502 3037 ὃν
521 3004 569 3055 ego
586 3005 644 3040 curu
658 2990 778 3041 cancellis
796 2989 902 3045 retinnir
915 2990 1062 3053 ibidemque
1074 3004 1134 3039 curu

67 3056 153 3106 codiee
171 3064 195 3107 et
210 3056 297 3106 Bastio
315 3046 471 3106 ἔντοίνονσι
495 3060 586 3124 scripsi
601 3074 649 3124 pro
669 3055 826 3120 κτείνοντι,
847 3058 916 3120 quod
936 3058 998 3115 τοῖς
1017 3055 1135 3125 βασανι-

66 3118 192 3188 ζομένοις
211 3126 296 3175 miuus
309 3126 440 3185 couvenit3
458 3126 579 3194 supplicii
591 3143 686 3193 genus,
704 3128 773 3191 quod
788 3128 947 3193 grammatici
963 3127 1134 3178 exHerodoto

67 3194 224 3254 didicerunt,
247 3195 280 3244 ad
299 3195 473 3258 quaestionem
486 3210 533 3261 per
549 3204 675 3247 tormenta
689 3211 740 3247 nou
756 3197 873 3262 pertinet.
886 3224 922 3235 —
939 3196 966 3251 S.
978 3189 1072 3260 λήξεις
1081 3211 1135 3247 uon

66 3257 133 3328 escol
149 3263 196 3313 sed
213 3255 279 3329 πέρι
298 3263 376 3314 scribi
394 3266 451 3328 ipsa
465 3266 649 3316 Platonicarum
666 3265 765 3331 Legum
781 3268 850 3316 VIII.
871 3281 897 3331 p.
917 3266 968 3317 846
986 3265 1006 3314 Β
1030 3280 1134 3331 compa-

65 3332 131 3383 ratio
146 3332 233 3397 jussit.
253 3359 286 3369 -
306 3330 332 3387 S.
350 3324 442 3398 μανὸν
461 3348 525 3416 quae
544 3334 721 3385 uouTimaeus
736 3343 834 3385 tautum
852 3336 898 3385 sed
911 3334 1017 3386 Photlus
1031 3349 1133 3398 quoque

65 3399 210 3464 Snldasque
228 3401 374 3467 adjecemnt
393 3397 442 3452 καὶ
460 3417 475 3452 ο
495 3395 666 3468 μαινόμενος
752 3398 854 3470 φρεσὶν
872 3404 906 3454 ad
929 3403 995 3454 hauc
1018 3403 1133 3470 glossam
