2408 3764
401 194 670 260 Enzzroffl
687 187 723 272 μ.
1051 189 1071 253 σ

59 361 214 432 τιστόλου
224 361 279 428 καλ
290 358 486 437 Πολυξένου
502 350 586 438 πρὸς
597 351 635 418 σὲ
648 352 838 440 εἰρηκότων,
853 343 902 420 οἷν
918 355 1002 438 φασδ
1017 356 1074 420 λέ-

60 486 132 547 γειν
143 459 203 528 τῦν
213 460 337 544 ἕτερον,
350 455 401 524 ὅτι
412 453 531 522 οἶκούοι
543 447 737 533 Ὀλυμπίασι
746 460 881 520 πολλῶν
890 458 994 520 τινῶν
1003 476 1073 520 των
1085 459 1106 510 D

61 585 120 645 μετ
125 558 238 646 ’ἐμοῦ
256 579 293 626 σε
310 552 601 642 κακηγορούντων
632 555 711 625 ἴσως
724 548 789 632 γὰρ
810 548 969 637 ὀξύτερον
990 554 1074 637 ἐμοῦ

60 655 193 726 ἀκούει·
216 655 281 742 έγύ
292 654 404 742 μέν
365 679 431 740 γαρ
448 647 512 717 οῦκ
528 648 668 731 ήκουσα.
686 669 746 730 χρη
735 643 846 731 66‚‘
823 675 868 728 ως
882 653 955 736 έμοδ
971 654 1072 730 δοκεῖ,

63 753 198 823 οὑτωσί
203 774 240 822 σε
262 768 369 822 ποιεῖν
382 758 445 818 τοῦ
467 748 599 825 λοιποῦ,
618 741 701 809 ὅταν
717 767 748 808 τι
759 755 912 816 τοιοῦτον
927 755 1007 837 λέγη
1024 774 1074 827 τις

62 851 172 937 περλ’
155 861 251 972 ημῶν
262 853 363 934 τινός,
381 845 557 963 γράμματα
574 843 750 925 πέμψαντα
765 842 821 924 ἐμὲ
838 845 984 926 ἐρέσθαι·
1007 845 1072 933 ἐγω

60 948 126 1035 γὰρ
137 949 268 1076 τάληθῆ
289 950 397 1030 λέγειν
416 942 493 1010 οὔτε
511 938 642 1026 ὀκνήσω
659 935 737 1006 ούτε
752 964 774 1004 α
775 944 980 1025 ίσχννοῦμαι.
1001 947 1072 1030 έμολ

62 1051 99 1116 δὲ
111 1048 152 1134 66
164 1074 220 1115 και
208 1041 338 1110 σοὶ
300 1069 341 1110 τα
354 1040 437 1125 πρὸς
448 1039 610 1126 ἀλλήλους
626 1035 750 1106 οῦτωσὶ
766 1037 924 1123 τυγχάνει
942 1045 1072 1124 ἔχοντα

64 1146 145 1214 ούτε
164 1141 260 1208 αὐτοὶ
277 1139 452 1225 οἳγνωτές’
435 1159 534 1225 ισμεν
553 1135 665 1205 ούδενδ
684 1133 893 1223 Ελλήνων
870 1163 915 1216 ως
932 1142 1011 1216 ἔπος
1028 1143 1075 1204 ελ-

62 1256 151 1326 πεῖν,
164 1237 269 1326 ούτεή
281 1246 442 1308 συνουσία
453 1237 550 1325 ήμῦυ
562 1245 702 1323 σιγᾶται·
714 1237 759 1323 μή
771 1239 967 1306 λανθανέτω
979 1239 1018 1304 δέ
1026 1246 1113 1320 σε,Ε

67 1340 120 1408 ὅτι
131 1335 204 1406 οὐδ’
217 1335 312 1418 είς
277 1364 338 1406 τον
354 1343 466 1406 ἔπειτα
481 1336 606 1424 χρόνον
622 1335 855 1458 σιγηθήσεται·
878 1344 1026 1404 τοιοῦτοι
1043 1339 1078 1403 ολ

64 1441 368 1557 παραδεδεγμένοι
353 1433 490 1505 εἰσδν’
448 1434 564 1522 αυτήν,
578 1433 634 1503 ἅτε
646 1434 710 1503 οῦκ
722 1433 839 1556 ύλύγην
849 1437 1075 1523 γεγενημένην

62 1532 140 1602 οὐδ’
151 1531 264 1621 ἠρέμα.
282 1522 368 1602 τί
326 1561 389 1602 ουν
400 1532 440 1620 66
452 1538 539 1617 λέγω
549 1539 641 1600 νυνί·
633 1531 748 1619 ,έρω’
733 1533 868 1602 οίυωθεν
880 1532 1073 1621 ἀρξάμενος

61 1635 190 1717 πέφυκε
207 1637 401 1714 ξυνιέναι’
370 1659 416 1712 εις
431 1630 531 1700 ταύτὰ
553 1622 714 1717 φρόνησίς
732 1657 767 1699 τε
784 1634 839 1700 καί
858 1631 998 1718 δύναμις
1014 1657 1074 1720 με-

61 1731 157 1817 γάλη,
169 1735 224 1800 καὶ
234 1739 316 1799 ταῦτ
318 1729 458 1819 ’ίι’λληλ’
471 1727 521 1798 da
511 1729 643 1799 διώκει
659 1731 714 1798 καὶ
726 1734 813 1817 ζητεῖ
828 1733 917 1811 nale
901 1734 983 1817 ξυγγ
984 1738 1074 1817 ίγνε-

61 1850 130 1897 ταιῖ
152 1834 263 1897 ἔπειτα
274 1831 330 1898 καὶ
342 1833 375 1897 οί
387 1827 566 1914 ἅνθρωποι
576 1837 729 1915 χαίρουσι
740 1834 815 1916 περὶ
832 1829 963 1897 τούτων
978 1826 1076 1896 αύτοί

62 1953 95 1994 τε
108 1927 338 2012 διαλεγόμενοι
348 1929 403 1994 καὶ
415 1926 526 1996 ἄλλων
537 1925 719 2008 ἀκούοντες
730 1934 768 1996 ἔν
782 1953 818 1996 τε
835 1933 933 2007 ἰδίαις
950 1925 1073 2008 ξυνουὶ

66 2036 151 2105 σίαις
166 2024 222 2094 καὶ
239 2029 277 2094 ἐν
287 2041 358 2105 ταῖς
374 2026 556 2115 ποιήσεσιν,
575 2023 647 2096 οἷον
662 2029 719 2096 καὶ
736 2031 811 2115 περὶ
823 2027 972 2115 Ἱέρωνος
993 2025 1073 2095 ὅταν
1089 2035 1142 2090 311

63 2128 277 2209 διαλέγωνται
299 2122 477 2211 ἄνθρωποι
496 2128 551 2192 καὶ
566 2130 764 2194 Παυσανίου
786 2135 847 2193 τοῦ
865 2128 1073 2212 Λακεδαιμο-

63 2229 149 2307 νίου,
164 2229 317 2306 χαίρουσι
332 2219 395 2308 τήν
410 2226 605 2309 Σιμωνίδου
619 2227 800 2303 ξυνουσίαν
814 2225 1072 2310 παραφέροντες,

63 2320 84 2390 6
98 2348 135 2390 τε
152 2324 271 2408 ἔπραξε
288 2325 343 2389 καλ
360 2321 431 2390 εἶπε
447 2320 531 2408 πρὸς
549 2321 687 2402 αύτούς·
715 2325 771 2392 καὶ
787 2320 1048 2407 Περίανδρον
1014 2349 1074 2391 τον

49 2427 249 2503 Κορινθιον
257 2422 311 2486 καὶ
319 2427 433 2507 Θαληυ
443 2407 713 2509 τονλλλιλησιον
693 2435 812 2509 υμυειν
823 2419 1016 2490 είωθασιυ
994 2448 1073 2507 αμα,

62 2519 117 2586 καὶ
134 2517 298 2599 Περικλέα
317 2521 371 2584 και
390 2517 623 2606 Ἀναξαγόραν,
639 2523 696 2590 καὶ
710 2528 858 2605 Κροῖσον
873 2547 917 2588 αν
905 2512 989 2588 καὶ
1004 2518 1092 2588 Σό-

64 2624 155 2683 λωνα
168 2611 212 2691 ῦς
229 2611 357 2698 σοφούς
374 2619 429 2682 καί
444 2617 604 2701 Κῦρον’
579 2646 624 2699 ως
641 2618 821 2706 δυνάστην.
840 2621 896 2686 καὶ
914 2615 955 2704 66
971 2622 1075 2683 ταῦτα
1139 2624 1143 2661 ῑ

64 2713 262 2800 μιμούμενοι
275 2715 309 2778 06
318 2716 610 2802 ποιηταὶ-Κρέοντα
626 2719 687 2804 μὲν
703 2720 759 2787 καὶ
779 2722 952 2799 Τειρεσίαν
969 2711 1074 2784 συνοί-

64 2831 170 2896 γουσι,
183 2808 373 2878 Πολύειδον
384 2811 420 2877 δὲ
431 2813 485 2877 καὶ
502 2819 613 2897 Μίνω,
633 2815 859 2900 Ἀγαμέμνονα
876 2811 913 2878 δὲ
928 2811 984 2877 καί
1002 2813 1071 2877 Νέ-
1090 2819 1108 2866 Β

66 2930 167 2992 στορα
179 2909 235 2975 καὶ
246 2905 409 2975 Ὀδυσσέα
420 2904 686 2998 ααλΠαλαμήδη·
703 2908 748 2988 ὡς
761 2907 794 2976 δ’
812 2910 889 2994 ἐμοὶ»
900 2912 1001 2994 δοαελ,
1020 2911 1075 2977 καὶ

64 3008 246 3092 Προμηθέα
257 3008 315 3074 Διί
332 3006 437 3096 ταύτῃ
455 3029 501 3096 πη
521 3013 721 3094 συνήγονόί
740 3013 865 3094 πρῦτοι
882 3007 1072 3092 ἄνθρωποι·

65 3109 193 3173 τούτων
205 3108 242 3173 δὲ
254 3105 405 3193 τούςμὲν
417 3113 463 3186 είς
474 3107 653 3195 διαφοράν,
672 3105 751 3186 τοῦς
769 3105 802 3174 δ’
823 3113 869 3187 εἰς
887 3114 1004 3194 φιλίαν.
1011 3106 1073 3176 ’ἆλ-

65 3202 174 3289 λήλοις
186 3205 308 3289 λόντας,
319 3203 400 3284 τοῦς
409 3206 446 3273 δὲ
456 3204 605 3292 τοτ’έ-μὲν
615 3211 661 3286 είς
673 3212 797 3293 φιλίαν,
809 3206 882 3275 τοτὲ
894 3205 924 3275 δ’
946 3211 992 3286 είς
1003 3211 1073 3274 δια-

65 3303 193 3388 φοράν,
206 3301 330 3371 καὶτὰ·
343 3306 406 3389 μέν
426 3301 667 3391 ὁμονοοῦντας,
689 3302 731 3372 τοὶ
747 3303 789 3373 ’δέ
811 3307 1073 3391 διαφερομένους

65 3401 203 3487 ήδονσι.4
216 3401 376 3490 ποίνταδή
391 3410 495 3474 ταῦτα
506 3409 592 3494 λέγω
608 3406 697 3475 τόδε·
706 3402 920 3532 βουλέμευὲς
934 3406 1097 3477 6626„oe

846 3505 871 3557 X
