2408 3764
419 177 682 237 νΠιΣνοΛιι
700 172 732 252 ς.
1037 182 1080 250 3⁷

69 342 109 411 δὲ
121 343 177 430 μή,
190 339 293 409 οὐδέν
311 358 364 407 σοι
383 344 452 406 τῶν
469 340 546 424 περὶ
562 342 681 405 Δίωνα
698 340 762 421 ἔξω
779 344 985 433 πραγμάτων
1003 344 1082 416 οὔτε

69 444 149 528 περὶ
155 432 346 508 τάλλαούτε
353 438 429 523 περὶ
441 433 549 505 αὐτὸν
560 434 645 505 κατά
657 446 743 506 νοῦν
753 445 969 534 γιγνόμενον.
981 445 1079 518 ταῦθ’

69 537 179 621 οὕτως
192 537 275 625 εἶπε,
286 530 390 606 τάλλα
401 539 439 604 δὲ
450 533 562 622 μακροὶ
580 530 624 603 άν
644 543 696 621 εῖη
713 541 768 606 καὶ
785 539 867 612 ἄνευ
887 551 1008 635 καιροῦ
1026 554 1083 615 λε-

68 641 207 728 γόμενα.
238 639 408 707 ἐπιστολαὶ
427 634 464 704 δὲ
482 633 581 703 άλλαι
598 636 744 720 ἐφοίτων
763 642 850 725 παρά
867 668 903 712 τε
916 640 1081 734 Ἀρχύτου
1099 662 1120 713 1>

69 740 126 807 καὶ
137 744 206 806 των
218 740 256 805 ἕν
277 737 438 821 Τάραντι,
456 732 520 817 τήν
536 756 573 798 τε
591 738 799 831 φιλοσοφίαν
816 739 1079 826 ἐγκωμιάζουσαι

68 833 132 921 τὴν
144 839 346 918 Διονυσίου,
358 832 414 898 καὶ
425 827 490 914 ὅτι,
502 822 546 895 α”ν
566 826 612 914 μὴ
631 824 803 916 άφίκωμαι
823 838 899 920 νῦν,
917 835 979 924 τὴν
994 839 1079 926 πρὸς

67 934 261 1004 Διονύσιον
273 928 389 1006 αὐτοῖς
400 929 586 1013 γενομένην
597 932 715 1013 φιλίαν
726 925 775 996 δι’
787 929 872 1015 ἐμοῦ
883 929 925 1004 οῦ
936 937 1078 1025 σμικρὰν

68 1026 179 1100 ούσαν
192 1028 278 1116 πρὸς
289 1024 330 1095 τά
342 1023 494 1093 πολιτικά
512 1026 706 1095 παντάπασι
722 1031 931 1116 διαβαλοίην.
959 1033 1079 1120 ταύτης

68 1130 113 1216 δη
126 1130 285 1213 τοιαύτης
297 1127 479 1213 γενομένης
497 1126 534 1193 ἐν
550 1131 598 1215 τῷ
614 1126 691 1195 τότε
709 1126 821 1219 χρόνῳ
838 1134 899 1216 τῆς
914 1122 1082 1218 μεταπέμ-

68 1244 173 1314 ψεως,
197 1233 265 1294 τάν
285 1226 347 1312 μὲν
368 1226 405 1292 ἐκ
426 1231 585 1306 Σικελίας
605 1251 642 1294 τε
663 1227 720 1293 καὶ
741 1223 877 1309 Ἰταλίας
900 1229 1081 1320 ἑλκόντων,

69 1333 142 1394 τῶν
151 1326 188 1392 δὲ
196 1321 386 1410 Ἀθήνηθεν
403 1319 549 1411 άτεχνάς
560 1322 643 1410 μετὰ
654 1323 801 1411 δεήσεως
818 1321 893 1395 οἷον
905 1329 1082 1411 ἐξωθούν-

69 1450 139 1492 των
148 1449 199 1511 με,
211 1426 267 1490 καὶ
281 1421 385 1491 πάλιν
397 1420 415 1490 ὁ
427 1421 530 1509 λόγος
543 1415 626 1510 ἧκεν
638 1418 657 1490 ὁ
670 1420 783 1511 αύτύς,
801 1423 838 1493 τό
850 1425 896 1514 μη
908 1431 982 1498 δεῖν
993 1453 1080 1517 προ-
1097 1445 1118 1496 B

68 1527 190 1591 δοῦναι
200 1528 320 1592 Δίωνα
331 1519 415 1610 μηδὲ
426 1520 507 1602 τούς
523 1523 560 1588 ἐν
575 1521 722 1610 Τάραντι
736 1527 853 1606 ξένους
864 1553 900 1595 τε
916 1531 974 1596 καὶ
990 1529 1078 1599 ἑταί-

67 1646 168 1708 ρους·
189 1619 280 1714 αύτιβ
292 1622 333 1690 δέ
341 1646 399 1709 μοι
410 1616 515 1708 ὑπῆν,
527 1617 574 1700 ὦς
584 1617 689 1689 οὐδὲν
705 1621 907 1710 θαυμαστὸν
923 1629 1003 1694 νέον
1014 1625 1078 1695 άν-

67 1729 212 1807 θρωπον
222 1718 463 1810 παρακούοντα
474 1716 576 1800 άξίων
588 1718 693 1805 λόγον
705 1721 922 1809 πραγμάτων,
930 1721 1076 1812 εὐμαθῆ,

67 1817 151 1906 πρὸς
170 1823 278 1907 ἔρωτα
296 1821 411 1888 ἐλθεῖν
429 1823 492 1886 τοῦ
509 1822 685 1905 βελτίστου
701 1823 795 1905 βίου·
818 1823 890 1888 δεῖν
909 1815 974 1889 οὖν
993 1819 1075 1892 αύτδ

66 1920 230 2006 ἐξελέγξαι
249 1925 377 2007 σαφοῦς,
399 1915 569 2005 ὁποτέρως
590 1916 671 1985 ποτε
695 1915 761 2007 ἄρα
783 1925 888 2008 σχοίη,
904 1921 960 1989 καί
981 1919 1075 1990 τοῦτ’

65 2015 149 2085 αύτό
165 2023 302 2108 μηδαμῇ
318 2022 508 2106 προδοῦναι
520 2014 600 2104 μηδ’
627 2017 684 2104 ἐμὲ
700 2019 762 2085 τὸν
783 2027 893 2087 αίτιον
915 2024 1076 2106 γενέσθαι

65 2117 267 2206 τηλικούτου
279 2115 417 2204 άληθῶς
428 2114 593 2204 ὀνείδους,
612 2123 705 2205 εἴπερ
718 2112 828 2199 ὄντωὲ
843 2127 894 2205 είη
907 2144 953 2212 τφ
970 2125 1075 2188 ταῦτα
1092 2132 1145 2190 340

64 2220 258 2304 λελεγμένα.
282 2216 471 2304 πορεύομαι
483 2213 525 2303 δὴ
537 2221 584 2306 τῷ
600 2222 749 2306 λογισμῷ
765 2218 874 2307 τούτῳ
885 2225 1077 2286 κατακαλυ-

64 2317 226 2401 ψάμενος,
240 2316 348 2385 πολλά
359 2315 480 2398 δεδιως
491 2313 741 2404 μαντευόμενός
752 2341 788 2383 τε
800 2312 843 2384 ού
855 2316 947 2384 πάνυ
954 2322 1075 2407 καλῶς,

64 2411 112 2494 ὥς
123 2416 251 2481 ἐοικεν·
272 2416 385 2485 έλδάν
396 2414 429 2486 δ’
444 2410 510 2486 οὖν
521 2414 559 2486 τὸ
576 2422 693 2507 τρίτον
708 2420 757 2506 τῷ
773 2420 900 2503 σωτῆρι
917 2416 1021 2485 τοῦτό
1036 2444 1075 2503 γε

65 2505 132 2582 ούν
144 2515 270 2598 ἔπραξα
280 2509 403 2594 ὅντως·
426 2514 562 2604 ε’σάθην
573 2515 638 2606 γάρ
650 2541 703 2584 τοι
720 2516 822 2584 πάλιν
841 2513 1000 2605 εὐτυχοῦς,
1019 2517 1075 2585 καλ

65 2608 199 2681 τούτων
213 2635 252 2696 γε
268 2609 349 2695 μετά
360 2610 445 2679 θεὸν
460 2620 633 2704 Διονυσίῳ
644 2613 743 2700 χάριν
755 2617 880 2684 εἰδέναι
888 2614 1010 2705 χρεων,
1022 2612 1075 2682 ὅτι

66 2715 203 2778 πολλῶν
214 2709 458 2799 βουληθέντων
469 2709 629 2779 άπολέσαι
640 2737 681 2798 με
693 2711 880 2780 διεκώλυσε
897 2714 953 2778 καλ
970 2712 1078 2777 ἔδωκέ

66 2833 98 2877 τι
109 2810 210 2896 μέρος
221 2812 390 2877 αῖδοῖτοῦν
402 2806 480 2894 περὶ
496 2809 552 2893 ἐμὲ
569 2808 784 2896 πραγμάτων.
807 2806 975 2894 ἐπειδὴδὲ
993 2806 1075 2894 άφι-

65 2907 186 2996 κόμην,
200 2905 295 2998 ρ’ίμην
306 2907 431 2976 τούτου
444 2912 580 2995 πρῶτον
591 2913 727 2993 ἔλεγχον
738 2912 812 2974 δεῖν
827 2912 954 2995 λαβεῖν,
973 2907 1074 2976 πότε-
1091 2915 1111 2966 Β

67 3033 130 3096 ρον
157 3005 263 3087 ὄντως
287 3015 338 3092 είη
365 3004 553 3086 Διονύσιος
582 3007 761 3094 ἐξημμένος
781 3002 849 3074 ύπό
872 3011 1075 3093 φιλοσοφίας

66 3104 181 3195 άσπερ
192 3106 311 3194 πυρός,
322 3105 344 3192 ἢ
355 3102 493 3194 μάτηνὸ
511 3103 618 3186 πολύς
630 3096 731 3185 οὗτος
741 3108 838 3173 έλδοι
855 3103 955 3191 λόγος
969 3102 1073 3192 Ἀθή-

64 3211 152 3287 ναζε.
163 3209 232 3274 ἐστι
245 3205 286 3292 δή
298 3230 349 3286 τις
360 3206 485 3293 τρόπος
495 3211 559 3274 τοῦ
569 3205 646 3294 περὶ
656 3201 846 3273 τὰτοιαῦτα
857 3216 977 3286 πεῖραν
987 3213 1073 3291 λαμ

66 3301 409 3393 βάνεινούκάγεννης
420 3301 489 3374 ἀλλ’
502 3306 609 3387 ὅντως
618 3303 800 3394 τυράννοις
808 3306 956 3392 πρέπων,
964 3299 1073 3385 άλλως

63 3428 101 3472 τε
112 3404 248 3483 καὶτοῖς
259 3409 328 3471 νῦν
343 3404 634 3496 παρακουσμάτων
647 3415 794 3497 μεστοῖς,
804 3398 824 3473 ὃ
836 3399 884 3490 δὴ
892 3399 991 3488 κύρω
1001 3409 1034 3471 Δ
