2408 3764
93 252 105 275 .
145 201 208 267 112
533 195 747 257 ελπτον.

228 365 365 428 VILZo
314 346 506 442 Σολμέν
464 381 527 422 ουν
537 356 592 421 καὶ
603 354 674 439 ἐμοὶ
685 355 752 421 και
758 351 873 433 ἀλλοις
887 363 1022 434 πολλοῖς
1038 357 1153 428 τοιού-

144 487 213 539 τοις
230 449 307 526 οὖσι
321 454 405 523 πόλλ
432 452 489 520 ἀττ
493 448 667 518 ’ἀδύνατα
683 476 751 518 των
767 452 905 536 ἑτέροις
906 453 998 520 πάνυ
1010 455 1152 541 ῥᾳδίων

145 563 214 628 ἐπεὶ
224 559 280 625 καὶ
289 552 432 640 αὐλῆσαι
448 563 517 628 τοῖς
532 545 691 627 ἀναύλους
705 548 799 616 κάλ’
777 545 1008 636 αναγνῶναιῆ
1025 552 1153 637 γράψαι

144 669 212 733 τοῖς
238 651 463 740 ἀγραμμάτοις
493 643 723 735 γραμματικὸν,
746 645 872 730 τρόπον
898 644 1153 734 ἀδυνατώτερόν

145 758 225 837 ἐστι,
238 755 319 828 τέως
329 747 373 818 ἀν
382 740 467 815 οόσιν
477 744 746 831 ἀνεπιστήμονες,
761 751 823 813 τοῦ
840 751 977 831 ποιῆσαι
992 760 1152 830 γυναῖκας

145 855 178 930 ἐξ
190 848 340 933 όρνάδων
352 842 374 933 ἢ
385 845 525 932 ὄρνιθας
535 845 572 911 ἐκ
587 850 768 928 γυναικοῖν.
783 839 805 929 ἡ
823 843 860 911 δὲ
877 844 979 928 φάσις
996 847 1034 911 ἐν
1048 850 1151 934 κηρίῳ

145 945 263 1033 σχεδόν
280 945 538 1031 παραβάλλουσα
560 946 644 1020 ζῶον
665 939 775 1008 άπουν
795 943 851 1009 καί
870 941 1025 1026 ἄπτερον,
1048 943 1153 1020 πόδας

144 1040 309 1113 ὑποθεῖσα
319 1043 377 1111 καὶ
393 1036 587 1124 πτεράσασα
601 1046 746 1126 ποικιλίγ
763 1065 799 1106 τε
815 1039 1029 1125 φαιδρόνασα
1045 1048 1154 1127 πολλῇ

145 1144 202 1209 καὶ
221 1151 307 1228 καλῇ
324 1142 378 1208 καὶ
395 1140 590 1220 παντοδαπῇ
610 1134 809 1221 χρωμάτων,
829 1139 982 1221 μέλιτταν
1004 1133 1152 1217 ἀπέδειξε

146 1237 258 1325 σοφὴν
277 1249 376 1307 θείου
401 1239 528 1356 μέλιτος
547 1232 693 1318 ἐργάτιν,
717 1239 753 1301 ἐκ
773 1258 809 1300 τε
830 1231 908 1301 οἰῶν
928 1232 1076 1318 ἀφάυων
1097 1237 1153 1302 καὶ

146 1335 287 1419 ἀψύχων
310 1331 415 1399 πολλοὶ
433 1333 513 1417 γένη
534 1330 668 1398 πλάττει
688 1337 824 1415 πτηνῶν
844 1356 880 1399 τε
896 1357 953 1399 και
943 1334 1076 1412 πεζων
1097 1337 1153 1403 καὶ

146 1432 297 1514 ἐνύδρων
310 1426 413 1512 ζαέων,
430 1431 566 1513 τέχναις,
584 1427 630 1506 άς
647 1429 746 1514 λόγος
762 1437 876 1514 τινοῖν,
896 1433 998 1514 ίεραις
1017 1437 1153 1552 αίδέρος

148 1527 294 1613 μεγάλου
305 1529 551 1611 προσχρωμένη.

67 1625 70 1631 ’
230 1629 308 1693 v111.
331 1623 397 1702 Τάς
418 1617 482 1691 οὖν
503 1621 684 1690 ἀδυνάτων
708 1623 865 1709 δυνάμεις
885 1627 1029 1711 μεγάλας
1050 1625 1154 1706 οὔσας

147 1725 268 1809 θνητοί
283 1727 338 1792 καὶ
355 1724 489 1810 σμικροὶ
507 1731 675 1801 παντελως
691 1720 785 1801 ὅντες
804 1725 861 1791 καί
875 1721 952 1791 οὔτε
969 1723 1009 1791 τά
1026 1725 1153 1811 μεγάλα

73 1893 81 1899 ,
146 1822 328 1907 δυνάμενοι
344 1827 500 1908 καθορᾷν
518 1817 585 1889 οὔτ’
604 1812 650 1888 αά
666 1821 707 1888 τά
715 1821 849 1909 σμικρά,
860 1820 900 1889 τά
911 1828 1012 1890 πλείω
1024 1821 1056 1889 δ’
1068 1821 1154 1890 ἀπο·

146 1931 284 2008 ροῦντες
296 1926 431 1991 καὶτῶν
441 1922 610 2009 περίὴμάς
626 1922 881 2008 συμβαινόντων
891 1931 1025 2006 ποδοῖν,
1035 1922 1099 1991 οάκ
1110 1920 1154 1991 ἀν

146 2026 274 2107 ἐχοιμεν
285 2027 389 2089 εἰπεῖν
399 2028 541 2108 βεβαίως
551 2017 617 2089 οὔτ’
630 2018 807 2089 ἀλκυόνων
817 2025 891 2108 πέρι
902 2018 974 2089 οὔτ’
987 2018 1150 2106 ἀηδόνων

146 2121 240 2196 κλέός
257 2118 293 2186 δέ
309 2117 443 2203 μόθων,
464 2114 536 2187 οἷον
551 2122 741 2203 παρέδοσαν
761 2122 909 2203 πατέρες,
927 2126 1079 2186 τοιοῦτον
1097 2119 1153 2184 καὶ

103 2286 106 2291 ,
146 2209 403 2304 παισὶνέμοῑς,ἀ
414 2216 786 2305 όρνιθρηνωνμελμδέ,
800 2215 986 2299 παραδόσοο
1001 2220 1069 2283 τάν
1081 2224 1153 2283 σῶν

145 2311 264 2397 ὕμνων
275 2317 360 2399 πέρι,
369 2321 427 2382 καί
436 2311 691 2400 σουτόνεόσεβῆ
702 2317 757 2381 καὶ
766 2319 952 2398 φίλανδρον
963 2318 1068 2401 ἔρωτα
1075 2307 1154 2382 πολὲ

146 2407 272 2487 λόγος’
254 2411 393 2494 υμνησω
403 2416 534 2496 γυναιξὶ
549 2425 619 2490 ταῖς
636 2415 728 2497 ἐμαῖς
738 2415 918 2496 Ξανθίππη
929 2438 963 2477 τε
978 2415 1034 2480 καί
1049 2419 1153 2495 Μυρ-

145 2521 206 2591 τοῑ,
219 2511 325 2590 λέγων
335 2507 376 2574 τά
386 2533 422 2574 τε
435 2508 531 2602 ἀλλα,
543 2511 627 2593 πρὸς
638 2511 674 2578 δέ
688 2505 744 2578 καί
753 2534 851 2594 τιμης
859 2511 931 2588 οίας
941 2513 1051 2595 ἔτυχες
1061 2507 1151 2593 παρά

145 2610 247 2672 θεῶν
260 2595 328 2686 ἀρα
344 2606 448 2688 γεκαὶ
465 2603 509 2672 σι)
526 2606 673 2693 ποιήσεις
690 2633 723 2675 τι
740 2614 904 2692 τοιοῦτον,
916 2634 942 2675 ω
933 2601 1152 2726 Χαιρεφῶνς

230 2708 345 2771 ΧΑΙΡ.
366 2705 491 2788 Πρέπει
509 2712 604 2789 γοῦν,
623 2729 653 2771 ω
671 2704 866 2792 Σώκρατες,
877 2707 985 2773 καὶ
949 2731 990 2772 τα
1008 2702 1073 2769 ὑπὸ
1092 2727 1155 2772 σου

145 2804 294 2887 ρηθέντα
305 2805 481 2871 διπλασίαν
497 2808 563 2887 ἔχει
578 2828 639 2888 την
656 2805 864 2890 παράκλησιν
882 2803 966 2886 πρὸς
981 2812 1153 2884 γυναικοῖν

145 2925 181 2966 τε
195 2902 250 2967 καί
261 2897 396 2982 ἀνδροῖν
406 2896 549 2985 ὁμιλίαν.

145 3010 147 3015 ’
231 3001 305 3062 m.
332 2993 470 3065 Οὐκοῦν
487 2993 730 3083 ἀσπασαμένοις
747 2995 808 3080 τὴν
824 2992 974 3060 ἀλκυόνα
990 2995 1152 3080 προάγειν

147 3088 210 3175 ἤδη
220 3088 305 3174 πρός
315 3092 401 3161 άστυ
410 3090 526 3180 καιρός
537 3097 575 3162 ἐκ
589 3100 652 3164 τοῦ
664 3099 876 3177 Φαληρικοῦς

232 3197 347 3259 ΧΑΙΡ.
368 3192 467 3261 Πάνυ
477 3197 538 3279 μὲν
551 3186 878 3276 οάνποιολμενοάτα.
942 3204 947 3216 ’

71 3372 288 3536 k„

553 3350 764 3364 m
