2422 3758
137 224 199 294 188
346 289 349 295 ,
413 224 416 230 ’
526 226 760 300 ΑΞῙΟΧΟΣ.

136 393 219 478 διδῷ
229 388 266 456 τδ
279 393 350 474 ζῇν,
364 383 408 466 οδς
418 381 660 473 ὐβολοστάτωὴ
673 385 776 470 φύσις
792 387 949 454 ἐπιστᾶσα
960 389 1150 473 ἐνεχυράζει

137 494 199 554 τοῦ
210 485 271 572 μὲν
283 485 373 572 ὄψιν,
384 492 445 553 τοῦ
457 482 620 569 δδύαοήν,
638 483 797 562 πολλάκις
814 484 851 553 δέ
866 483 977 571 ἄμφω.
999 483 1064 553 κάν
1075 491 1149 556 ἐπι-

137 591 234 672 μείνη
244 610 302 671 τις,
321 587 518 671 παρέλυσεν,
530 582 730 667 ἐλωβήσατο,
742 581 998 668 παρήρθρωσιυ.
1023 581 1098 652 ἀλλ’
1116 590 1151 653 οἱ

137 685 254 752 πολλοὶ
269 682 380 769 γήρως
396 679 624 768 ιἰπακμάζουσι
638 683 695 747 παὶ
708 686 758 769 τῷ
772 681 833 769 νῷ,
847 681 903 748 καὶ
918 683 968 760 δὶς
984 686 1099 762 παῖδες
1115 687 1152 751 οί

136 783 289 866 γέροντες
298 785 471 865 γίγνονται
487 775 594 846 *κατὰ
605 775 667 863 τήν
677 783 888 863 παροιμίαν*.

220 881 269 942 vl.
290 874 359 944 Διὰ
370 883 469 943 τοῦτο
481 876 582 965 ααδοί
595 876 670 942 θεοὶ
686 881 756 942 των
771 869 995 959 ἀνθρωπείων
1012 875 1148 962 ἐπιστή-

99 983 246 1061 ὓμονες,
257 972 317 1052 οὐς
334 969 379 1040 άν
389 974 464 1059 περὶ
474 978 636 1040 πλείστου·
646 979 817 1055 ποιῶνται,
837 979 963 1040 θάττον
977 969 1148 1040 ἀπαλλάτ-

135 1092 231 1141 τουσι
241 1080 303 1139 τοῦ
313 1076 381 1158 ζῇν.
402 1069 585 1156 Ἀγαμήδης
598 1078 684 1154 γοῦν
701 1073 757 1136 καί
773 1068 968 1157 Τροφώνιος
980 1074 1014 1138 οἱ
1029 1071 1147 1156 δειμά-

136 1196 232 1257 μενοι
240 1167 278 1236 τδ
287 1176 405 1237 Πυθοῖ
411 1175 474 1237 τοῦ
481 1175 567 1237 θεοῦ
578 1170 723 1254 τέμενος,
735 1164 911 1253 εὐξάμενοι
918 1166 957 1236 τδ
969 1169 1147 1252 κράτιστον

137 1262 249 1345 αὐτοῖς
258 1269 427 1350 γενέσθαι,
439 1269 654 1351 κοιμηθέντες
664 1261 770 1332 οὐκέτ’
784 1262 984 1350 ἀνέστησαν·
1002 1269 1035 1332 οῗ
1043 1292 1077 1334 τε
1089 1276 1147 1352 τῆς

132 1362 279 1451 Ἀργείας
300 1367 419 1446 ἱερείας
435 1365 528 1448 νίεις,
546 1362 667 1448 ὁμοίως
684 1361 864 1449 εὐξαμένης
881 1359 994 1442 αὐτοῖς
1010 1369 1068 1449 τῆς
1081 1391 1146 1451 μη-

137 1459 215 1546 τρὸς
227 1462 386 1544 γενέσθαι
405 1485 438 1528 τι
458 1469 516 1546 τῆς
538 1457 705 1547 εὐσεβείας
726 1457 817 1549 παρὰ
836 1466 896 1546 τῆς
907 1456 1012 1548 Ἤρας
1034 1464 1145 1549 γέρας,

138 1556 250 1643 ἐπειδὴ
263 1563 323 1625 τοῦ
341 1556 479 1644 ζεύγους
495 1555 739 1644 ὑστερήσαντος
754 1556 943 1639 ὑποδύντες
958 1557 1053 1628 αὐτοὶ
1071 1561 1146 1645 διή-

137 1679 261 1740 νεγκαν
271 1652 377 1743 αὐτήν
389 1661 435 1736 είς
446 1655 506 1726 τὸν
519 1657 617 1744 νεών,
629 1655 711 1744 μετὰ
727 1657 789 1745 τήν
804 1655 906 1744 εὐχήν
916 1659 1014 1725 νυκτί
1023 1658 1145 1743 μετήλ·

102 1755 123 1805 D
137 1757 249 1832 λαξαν.
270 1749 461 1839 μακρὸν-δν
476 1764 527 1841 είη
545 1757 698 1836 διεξιέναι
708 1753 749 1824 τὰ
759 1763 828 1823 τῶν
841 1762 1001 1840 ποιητῶν,
1016 1760 1051 1820 οἳ
1065 1755 1145 1822 στό-

137 1872 218 1936 μασι
227 1849 410 1935 θειοτέροις
421 1849 461 1920 τδι
472 1853 547 1940 περὶ
557 1852 617 1921 τδυ
627 1858 709 1940 βίον
714 1858 973 1944 θεσπιῳδοῦσιν,
986 1847 1030 1929 ὡς
1038 1876 1145 1919 πατο-

137 1948 297 2034 δύρονται
312 1945 350 2016 τὸ
367 1953 439 2035 ζῇν·
461 1946 536 2030 ἑνδς
553 1949 589 2017 δὲ
604 1950 712 2037 μόνον
728 1949 963 2039 μνησθήσομαι
976 1957 1037 2015 τοῦ
1052 1947 1144 2028 ἀξιο-

137 2044 503 2133 λογωτάτου,λε’γοντος

262 2140 382 2229 οδςγιὶρ
393 2143 622 2213 έπειιλοέσαντο
632 2148 709 2214 θεοὶ
720 2150 856 2215 δειλοῖσι
866 2151 1045 2232 βροτοῖσιν,
1159 2153 1163 2163 ’

262 2240 572 2327 ζάειυύχνυμένοις,

135 2338 191 2402 καὶ

263 2431 303 2500 οὐ
317 2436 379 2519 μὲν
388 2433 452 2519 γάρ
464 2440 498 2502 τί
507 2433 582 2502 ποτ’
593 2439 684 2503 ἐστὶν
694 2431 913 2521 ὀιζυρότερον
924 2437 1048 2524 ἀνδρός

262 2531 399 2597 πάντων
411 2527 495 2597 ὅσσα
506 2557 541 2598 τε
551 2544 652 2617 γαῖαν
664 2534 823 2600 ἐπιπυείει
836 2557 871 2599 τε
882 2536 937 2602 καὶ
948 2534 1048 2620 ἕρπει.

65 2639 118 2694 368
136 2625 196 2695 τδν
210 2625 243 2695 δ’
256 2625 463 2713 Ἀμφιάραον
472 2635 508 2697 τί
516 2649 637 2716 φησιν;
805 2692 808 2697 .

184 2763 187 2769 ·
258 2725 319 2794 τὸν
329 2728 404 2810 πέρι
417 2733 495 2814 ιιήρι
506 2729 690 2813 φίλειΖεύς
700 2727 733 2797 τ’
748 2735 893 2817 αἰγίοχος
905 2731 960 2800 ανδ
971 2729 1141 2799 Ἀπόλλων

234 2876 242 2891 .
259 2833 400 2914 παντοίη
410 2823 576 2914 φιλότητ’·
593 2825 669 2923 οὐδ’
688 2831 776 2897 ἵκετο
793 2829 916 2916 γήραος
927 2823 1040 2894 οὐδέν.

99 2955 101 2959 ·
132 2919 359 2991 ὁδδιιελεύων

258 3019 318 3090 τὸν
329 3022 440 3107 φύντα
452 3034 594 3111 θρηνεῖν
605 3030 651 3104 είς
661 3021 716 3093 δυ’
727 3031 853 3111 ἔρχεται
864 3025 961 3111 ααιιά,

132 3125 166 3187 τί
179 3139 233 3189 σοι
249 3126 417 3206 φαίνεταις
440 3122 525 3192 ἀλλὰ
543 3125 702 3211 παύομαι,
714 3123 759 3209 μή
773 3147 851 3193 ποτε
872 3121 960 3209 παρὰ
973 3122 1035 3210 τήν
1053 3122 1139 3193 ὑπό·

19 3225 22 3235 ’
132 3219 394 3305 σχεσινμηιιύνω
404 3218 875 3308 ιιαὶέτέρωνμιμνησιιόμευος.

215 3320 278 3384 v11.·
300 3324 407 3386 Ποίαν
418 3322 458 3387 δέ
471 3344 521 3398 τις
531 3320 687 3406 ἑλόμενος
697 3320 907 3406 ἐπιτήδευσιν
921 3316 943 3406 ή
960 3326 1079 3411 τέχνην
1096 3323 1138 3394 οὐ
