2422 3758
138 151 201 217 142
525 139 759 215 ΑΞΙοΧοΣ

137 317 194 381 καὶ
208 319 321 397 κακοῖν
339 311 461 394 ἀγονος
477 314 560 395 βίος,
577 305 747 399 ἀσαλεύτφ
768 305 887 398 ἡσυχίη
903 306 1143 396 εύδιαζόμενος,

135 412 191 477 καί
201 413 395 491 περιαθρων
406 403 469 491 τόν
476 404 592 491 φύσιν,
604 413 802 491 φιλοσοφῶν
820 403 861 473 ού
876 404 959 490 πρὸς
969 405 1070 493 ὄχλον
1086 410 1144 477 καὶ

135 511 293 588 θέατρον,
305 502 390 571 ἀλλά
400 503 484 587 πρὸς
494 499 671 589 ἀμφιθαλῆ
680 502 741 588 τὴν
752 501 926 588 ἀλήθειαν.
946 512 950 516 “
969 564 972 569 ,

219 606 287 678 ΑΞ.
306 599 573 680 Είςτοάναντίον
590 627 630 687 με
645 609 692 690 τῷ
709 599 797 687 λόγῳ
810 601 1039 686 περιέστακας·
1060 599 1144 671 οὐκ·

136 703 183 768 έτι
196 701 261 784 γάρ
283 726 339 785 μοι
353 700 507 767 θανάτου
525 703 598 777 δέος
619 704 758 783 ένεστιν,
776 695 849 783 ἀλλ’
868 696 931 784 ἤδη
947 701 1004 769 καί
1021 700 1165 788 πόθος,Χ

97 802 190 865 Εἴνα
204 824 237 865 τι
253 794 346 881 κάμοὶ
365 797 590 884 μιμησάμενος
610 795 689 876 τούς
711 796 852 884 ῥήτορας
872 794 1027 880 περιττόν
1041 808 1141 869 εἴπω·

133 895 304 980 κᾶμπαλιν
324 902 559 979 μετεωρολομοῐ
579 897 637 963 καί
646 898 746 980 δίειμι
766 891 826 963 τόν
844 890 960 967 ἀΐδιον,
973 897 1030 961 καὶ
1044 905 1143 965 θεῖον

134 993 270 1078 δρόμον,
282 996 319 1059 έν
330 1017 366 1060 τε
375 1001 434 1078 τῆς
445 989 621 1071 ἀσθενείας
632 992 778 1078 ἐμαυτόν
789 998 1000 1078 σννείλεημαι
1016 995 1075 1061 καὶ
1084 997 1142 1079 μέ-

132 1089 351 1174 γονακαινός.

61 1206 114 1261 371
213 1191 278 1253 ΧΠ.
299 1193 375 1255 m.
397 1192 441 1255 Ec
456 1187 492 1255 δὲ
503 1190 558 1254 καὶ
570 1188 684 1274 ἕτερον
694 1185 810 1273 βούλει
820 1186 933 1273 λόγον,
945 1184 986 1254 ὃν
995 1184 1141 1274 έμοὶῆγ-

132 1294 220 1370 γειλε
233 1285 407 1370 Γωβρύης,
418 1284 504 1371 ἀνὴρ
515 1284 635 1371 μάγος·
647 1289 712 1372 ἔφη
723 1284 804 1353 κατά
816 1285 1009 1373 τηνΞέρξον
1021 1278 1141 1372 διάβαὲ

132 1404 187 1451 σιν
197 1381 257 1450 τὸν
266 1382 405 1451 πάππον
415 1380 521 1451 αὑτοῦ
531 1386 587 1451 καὶ
602 1381 784 1470 ὁμόνομον
800 1387 997 1470 πεμφθέντα
1009 1389 1055 1462 είς
1065 1392 1140 1471 Δῆ-

130 1489 202 1565 λον,
213 1479 305 1558 ὅπως
315 1478 465 1566 τηρήσειε
478 1479 539 1566 τὴν
553 1488 658 1567 νῆσον
668 1475 738 1569 ἕνῇ
755 1486 789 1549 οί
804 1481 866 1549 δύο
881 1484 957 1550 θεοὶ
973 1485 1136 1567 ἐγένοντο,

130 1582 166 1647 ἐκ
179 1587 283 1647 τινιδν
299 1581 448 1665 χαλκέων
464 1582 598 1663 δέλτων,
620 1577 661 1657 ἀς
678 1582 711 1659 ἐξ
730 1578 957 1666 Ὑπερβορέων
979 1577 1138 1665 ἐκόμισαν

126 1666 220 1755 Ὠπίς
229 1702 266 1745 τε
279 1673 508 1762 καδἙκαέργη,
521 1678 797 1762 ἐκμεμαθηκέναι,
813 1674 894 1762 μετά
910 1674 973 1761 τὴν
989 1683 1052 1743 τοῦ
1069 1676 1138 1743 σοι’-

130 1798 230 1894 μμτος
242 1773 340 1842 λύσιν
353 1770 415 1859 τὴν
425 1771 537 1859 ψυχὴν
546 1778 592 1851 είς
602 1770 662 1840 τδν
672 1772 798 1860 ἀδηλον
809 1787 928 1860 χωρεῖν
938 1770 1042 1841 τόπον
1049 1772 1135 1841 κατά

129 1869 190 1955 τὴν
200 1868 361 1955 ὑπόγειον
373 1880 513 1990 οἴκησιν,
526 1861 596 1957 ένη
605 1876 755 1958 βασίλεια
765 1871 965 1948 Πλούτωνος
976 1866 1037 1955 ούχ
1047 1869 1136 1956 ἥττω

95 1985 113 2033 Β
130 1991 188 2051 της
196 1993 256 2035 τον
241 1968 351 2047 Διὸς
362 1966 509 2054 αὐλῆς,’
486 1995 545 2062 ατε
555 1975 612 2054 τῆς
623 1967 685 2054 μὲν
695 1977 755 2054 γῆς
772 1959 909 2055 ἐχούσης
926 1995 965 2036 τα
954 1966 1063 2054 μέσα
1074 1975 1137 2034 τοῦ

130 2064 269 2149 κόσμον,
280 2090 341 2132 τον
326 2063 389 2132 δε
398 2064 538 2132 πόλον”
517 2092 614 2145 οντος
625 2057 923 2153 σφαιροειδοῦς,
881 2092 923 2133 ον
939 2091 976 2132 το
965 2064 1086 2151 1”μέν
1066 2089 1136 2132 ετε-

130 2187 193 2246 ρον
202 2159 419 2248 ημισφαίριον
428 2165 505 2231 θεοὶ
514 2168 678 2249 έλαχονο
685 2161 847 2251 οὐράνιοι,
864 2191 901 2231 το
891 2161 991 2230 δέ“
972 2188 1087 2246 ετερον
1103 2165 1138 2230 οι

128 2258 326 2345 ὑπένερθεν,
338 2262 372 2326 oi
387 2260 450 2345 μέν
465 2256 638 2348 &demost
618 2287 720 2346 οντες,
738 2266 772 2328 οἱ
786 2261 822 2328 δὲ
839 2258 995 2345 ἀδελφων
1012 2265 1134 2341 παῖδες.

127 2352 168 2419 τά
178 2354 377 2437 δέπρόπνλα
387 2364 445 2440 τῆς
455 2358 705 2435 είςΠλούτωνος
716 2355 799 2425 ὁδοῦ
809 2361 956 2444 σιδηροῖς
967 2364 1135 2442 κλείθροις

127 2452 182 2517 καὶ
192 2455 318 2519 κλεισὶν
329 2449 515 2537 ὠχύρωται·
532 2463 636 2520 ταῦτα
646 2455 681 2520 δέ
692 2451 869 2533 ἀνοίξαντα
887 2457 1032 2541 ποταμός
1048 2454 1135 2542 Ἀχέ-

128 2573 197 2629 ρων
207 2550 381 2635 έκδέχεται,
390 2547 465 2634 μεθ’
478 2548 518 2618 δν
528 2550 698 2638 Κωκντός,
711 2548 770 2629 οὓς
781 2554 841 2638 χρη
854 2546 1135 2639 πορθμεύσαντας

127 2644 272 2732 ἀχθῆναι
288 2647 341 2714 ἐπὶ
356 2651 457 2713 Μίνω
477 2651 532 2716 καὶ
549 2646 793 2736 Ῥαδάμανθυν,
811 2649 831 2719 δ
849 2651 999 2739 κλῄζεται
1016 2656 1135 2720 πεδίον
1167 2648 1172 2655 ’

127 2740 295 2829 ἀληθείας.

90 2862 108 2909 c
209 2845 289 2909 XIII
319 2840 497 2912 Ἐντανθοῑ
509 2848 705 2926 καθέζονται
726 2843 917 2914 δικασταὶ’
897 2872 1004 2933 ανακρ
1006 2852 1134 2926 ίνοντες

126 2945 195 3006 τῶν
208 2937 466 3037 ἀφικνουμένων
480 2943 676 3028 ἕκαστον,’
641 2970 716 3011 τινα
730 2949 806 3029 βίον
816 2949 956 3031 βεβίωκε
972 2946 1028 3012 καὶ
1044 2950 1132 3012 τίσιν

125 3035 381 3122 ἐπιτηδεύμασιν
391 3041 557 3128 ένφιιίσθη
569 3049 615 3128 τῷ
626 3042 760 3126 σοι’ματι.
789 3038 981 3119 ψεύσασθαι
992 3035 1112 3125 μέν
1068 3068 1133 3109 ονν

125 3129 304 3217 ἀμήχανον.
326 3132 416 3215 ὅσοις
431 3130 547 3222 μὲν
503 3164 567 3206 ονν
579 3141 616 3207 έν
631 3163 678 3226 τω
665 3144 754 3225 ζῇν
768 3143 825 3207 δαί
822 3165 895 3227 μων
912 3135 1039 3221 ἀγαθός
1055 3142 1132 3209 έπέ-
