2408 3764
343 198 347 208 ·
395 169 716 255 οωιευοκυη.
1023 175 1084 247 5ο.

55 335 154 429 μέν’
132 365 177 418 ως
187 363 266 406 υεον
279 341 336 405 καλ
343 333 530 422 πολεμικου
540 332 641 402 έπλ
605 358 664 414 τας
675 361 735 407 ιον
724 344 899 427 πολέμου
910 337 1080 427 πρεπού-
1080 346 1108 401 Β,
1144 390 1148 397 .

56 460 117 519 σας
128 435 220 535 αύτφ
208 436 384 525 πράξεις,
403 434 600 527 σύμβουλον
618 434 657 500 δὲ
673 437 729 503 καὶ
745 439 979 559 πρεσβύτερον
987 433 1057 506 Ἱπ-

55 526 211 631 παρῖνον,
232 537 287 604 ἐπὶ
298 541 459 625 ,ίσωτηρ
434 561 455 602 α
477 539 548 619 της
557 516 716 618 Σικελίας
737 532 995 630 αὐτοκράτορας,
1018 531 1064 615 69

56 655 150 756 φασι,
174 636 364 724 τυράννους
381 615 657 717 ἐπονομάζοντες·
687 634 753 698 καλ
761 642 826 701 εἴτε
839 637 880 722 66
897 641 997 703 θείαν
1014 659 1077 714 τις.

55 731 211 820 ἡγεῖσθαι
226 729 385 819 βούλεται
397 729 504 847 τύχην
515 727 582 796 καλ
589 723 676 794 θεὸν
693 736 768 795 εῖτε.
777 727 840 847 την
855 737 923 800 τοῖν
938 731 1099 822 άρχόν-,,

56 857 124 900 των
126 829 294 923 άρετῂν
272 838 338 897 ελτε
349 822 451 895 καὶ
416 850 454 892 το
474 823 732 925 ξυναμφότερον
743 822 826 912 μετὰ
834 833 905 893 τοὶυ
907 828 989 897 τότε
1000 852 1064 896 πο·

54 937 157 999 λιτοῖυ
174 936 233 1015 τῆς
250 929 379 1011 σωτηρί
378 949 416 1001 ας
364 925 585 1002 ίαίτίανξ
568 916 746 1010 ξυμβῆναι
759 925 958 1013 γενομένην,
979 929 1075 999 ἔστω,

55 1032 161 1117 ταύτη
173 1026 241 1114 ὅπη
253 1052 303 1103 τις
313 1021 562 1117 υπγλαμβανοι
587 1021 785 1146 66669666'
799 1014 864 1091 οὖν
876 1019 965 1091 ούτω
980 1041 1064 1089 συν-

54 1132 129 1216 έβη
134 1138 205 1204 τοῖς
220 1125 295 1191 τότε
312 1121 515 1213 γενομένοις.Ι
538 1119 704 1189 τοιούτων
722 1115 1065 1206 ούυαύτοῖνγεγονό-

53 1251 130 1297 των
139 1210 271 1289 δίκαιόν
282 1243 350 1289 που
360 1232 429 1299 τοῖς
446 1218 574 1288 σάσασι
592 1221 727 1301 πάνταςΙ
735 1221 835 1310 χάριν
853 1225 958 1307 ἔχειν·
981 1223 1013 1287 εί
999 1219 1072 1289 ίδέ
1083 1231 1101 1283 c

55 1351 88 1391 τι
106 1320 168 1389 τὸν
184 1306 356 1412 μετέπειτα
377 1316 550 1407 χρόνουὴ
563 1323 722 1407 τυραννὶς
740 1319 804 1389 ούκ
816 1317 935 1410 ὀρθοῖς
947 1323 989 1408 τῇ
1006 1323 1081 1404 τῆς

56 1421 185 1540 πόλεως
196 1424 306 1508 δωρεᾷ
317 1421 568 1538 κατακέχρηται,
580 1420 712 1489 τούτων
724 1417 865 1501 δίκας
829 1446 888 1500 τας
905 1419 968 1505 μὲν
986 1422 1063 1506 ἔχει,

53 1517 112 1597 τάς
129 1517 166 1584 66
184 1519 311 1584 τινέτω.
332 1520 434 1595 τίνες
438 1507 502 1583 σύν
519 1513 616 1602 666
580 1520 669 1584 δίκαι
687 1514 875 1604 άναγκαίως
890 1514 995 1605 ὀρθαὶ
1009 1521 1065 1603 γί-

53 1615 184 1702 γνοιντ’
205 1611 248 1683 άν
264 1616 302 1683 ἐκ
324 1619 394 1682 τοῖν
415 1610 640 1739 ὑπαρχόντων
656 1616 788 1700 αύτοῖς;
812 1646 827 1686 ε
829 1617 921 1706 ίμέύ
938 1620 1077 1707 ῥηιδίως

53 1714 149 1802 ύμεῖς
165 1713 357 1802 ἀποφυγεῖν
375 1709 492 1783 0606'
462 1741 480 1782 τ
516 1708 574 1802 ἦτε
592 1714 717 1796 αύτούς
732 1713 827 1784 καὶ
805 1742 888 1803 ανευ
906 1714 1079 1801 μεγάλων..

54 1816 227 1883 κινδύνων
238 1816 295 1882 καὶ
304 1809 465 1900 πόνων,’ἢ
484 1809 603 1900 ’κεῖνοι
614 1816 702 1883 ἑλεῖν
721 1813 982 1897 εὐπετῶς-πάλιν
1000 1810 1073 1899 τὴνἡ

55 1912 171 2000 άρχήν,
184 1908 260 1979 οὐδ’
275 1909 318 1979 δν
328 1911 579 1998 συμβουλεύειν
590 1906 709 1995 οίόυ,τ’
720 1906 764 2000 ἦν
777 1913 993 1999 τάμέλλονκαΙ
999 1914 1062 2002 ρη-

53 2012 239 2099 θήσεσθαι·
264 2017 331 2078 νύν
345 2007 379 2078 δ’
399 2012 530 2078 ἐννοεῖν
546 2007 633 2098 ύμάς
652 2010 864 2100 ἀμφοτέρους
879 2009 989 2100 χρεών
1004 2012 1061 2078 καί
1076 2019 1098 2070 D

55 2101 381 2232 ἀναμιμνήσκεσθαι,
395 2108 536 2195 ποσάκις
552 2113 590 2176 έν
607 2111 684 2178 έλπί
681 2114 725 2178 δι
669 2110 884 2198 έίκάτεροι
900 2109 1069 2197 γεγόνατε

55 2219 117 2280 τού
129 2218 196 2279 νύν
208 2219 343 2280 οίεσθαι
353 2207 508 2330 σχεδόν
489 2206 545 2278 αεί
551 2235 643 2289 τινος
660 2214 806 2297 σμικροῦ
822 2212 964 2288 ἐπιδεεῖς
976 2205 1062 2274 εἶναι

54 2311 90 2378 τὸ
104 2308 150 2429 μὴ
163 2308 271 2377 πάντα
281 2308 365 2378 κατά
376 2314 463 2378 νούν
475 2306 645 2396 πράττειν,
657 2308 713 2376 κἀλ
725 2300 766 2427 66
785 2292 898 2374 καλ”
858 2331 911 2373 οτι
926 2302 964 2373 τό
983 2323 1061 2392 σμι-

54 2405 141 2513 κρόν
157 2411 258 2474 τούτο
269 2408 427 2529 μεγάλων
436 2407 493 2477 καὶ
503 2411 636 2496 μυρίων
646 2412 762 2476 κακῶν
780 2414 899 2475 αίτιον
905 2403 1061 2474 ἑκάστοτε

56 2502 462 2594 ξυμβαίνειγιγνόμενον,
484 2510 540 2575 καλ
561 2511 665 2596 πέρας
681 2505 785 2576 ούδέυ
805 2529 886 2575 ποτε
908 2513 1060 2591 τελεῖται,

56 2602 264 2687 ξυνάπτειδλ
278 2601 330 2671 άεὶ
341 2605 464 2673 παλαιά
482 2608 618 2693 τελευτὴ
637 2604 821 2676 δοκούσα’
803 2611 888 2694 αρχῇ
905 2606 1082 2691 φυομένη

56 2709 126 2796 νέα,
144 2704 320 2785 διολέσθαι
338 2699 410 2823 δ’
391 2702 459 2770 υπὸ
477 2711 541 2772 τού
555 2705 684 2774 κύκλον
701 2705 826 2774 τούτου
843 2700 1060 2769 κινδυνεύσει

56 2801 157 2873 καὶ
121 2830 159 2872 το
173 2797 389 2890 τυραννικόν
392 2797 483 2868 άταυ
493 2802 598 2868 καὶ
564 2828 602 2870 το
615 2800 798 2890 δημοτικὸν
809 2804 918 2885 γένος,
929 2795 1000 2884 ἥξει
1013 2783 1061 2885 δέ,
1080 2807 1101 2859 E

57 2901 178 2989 ἐάνπερ
196 2905 266 2968 τοῖν
283 2898 424 2967 είκότων
439 2903 593 2984 γίγνηταί
609 2925 645 2967 τε
661 2897 752 2967 καὶ’
733 2901 923 2982 απευκτύν,
940 2848 1062 2982 σχεδὰύ

57 3007 102 3082 είς
118 3003 259 3088 ἐρημίαν
276 3004 335 3085 τῆς
350 2995 546 3084 Ἑλληνικῆς
563 3004 682 3084 φωνῆς
697 3001 837 3065 Σικελία
858 2999 958 3083 πάσα,
977 3002 1063 3080 Φοι-Ι

55 3107 160 3169 νίκων
182 3096 363 3185 η’Ὀπικοῖν
380 3102 616 3185 μεταβαλοῦσα
633 3098 681 3177 είς
697 3098 990 3183 τιναιδυναστείαν
1005 3095 1062 3162 κοιλ

56 3198 185 3286 κράτος.
198 3197 329 3288 τούτων
341 3196 383 3283 66
394 3195 456 3285 χρὴ
470 3197 560 3286 πάση
572 3201 748 3286 προθυμία
759 3195 885 3276 πάντας
894 3192 975 3274 τούς
983 3190 1061 3263 ’Ἐλ-

55 3305 159 3384 ληνας
169 3297 302 3382 τέμνειν
310 3295 500 3382 φάρμακον.
525 3302 556 3364 εί
565 3297 626 3383 μὲν
639 3296 681 3384 66
693 3322 744 3378 τις
760 3293 950 3386 ὀρθότερον
964 3290 1061 3380 άμειψ
1123 3300 1125 3305 ’

54 3396 118 3465 νόν
134 3392 166 3463 τ’
187 3399 256 3484 ἔχει
269 3400 331 3462 τού
342 3390 407 3463 ’ὑπ’
427 3396 512 3482 έμού
527 3396 782 3484 ῥηθησομένου,
797 3390 1019 3482 ἐνεγκόντας
1027 3389 1072 3456 τὶ)
