2408 3764
127 160 191 231 κω
361 113 364 120 ’
536 115 793 223 ακονκν
879 187 886 196 «
1085 167 1142 227 κε

213 333 308 394 6110.
330 318 381 388 τὸν
404 319 545 388 Γλαῦκόν
567 343 643 404 φασι
666 319 804 425 Σισύφου
823 323 875 387 καλ
884 316 1066 424 Μερόπης
1060 316 1142 384 εἶναι

128 408 212 514 υίόν,
222 410 370 512 γενέσθαι
382 408 414 471 δὲ
430 404 593 477 θαλάττιον
604 408 751 507 δαίμονα.
764 430 849 481 ουτος
856 432 915 489 γαρ
925 397 1090 488 περιτυχάν
1101 410 1141 512 τχλ

128 488 273 600 άθανάτφ
288 498 392 597 πηγῇ
388 492 439 554 καλ
454 484 608 555 κατελθάν
624 483 716 564 εἰς’
680 482 775 571 αυτὴν
792 483 929 555 άθανασί
927 516 961 564 ας
977 489 1074 570 ἔτυχε,
1094 516 1140 600 μη

128 577 284 659 δυνηθεὶς
287 576 320 640 δὲ
336 571 446 656 ταύτην
462 577 539 661 τισίν
555 577 697 650 ἐπιδεῖξαι
712 577 753 649 εἰς
769 569 929 639 θάλασσαν
944 575 1061 720 ἐρρίφη.
1085 577 1140 639 καλ

127 666 250 764 περίεισι
266 653 334 734 τούς
335 652 514 762 ἀἰγιαλούς
511 656 624 735 πάντας
635 659 686 722 καί
697 652 749 733 τάς
759 654 869 739 νήσους
880 654 960 736 λίποξ
970 662 1024 720 τοῦ
1034 659 1139 722 ἐ-υιαυ

127 753 179 809 τοῦ
192 741 254 825 άμα
264 769 325 818 τοις
336 739 443 823 κύτεσι.
456 740 653 846 μαντούετρι
648 739 736 806 δὲ
690 765 791 805 ποντα
801 749 917 846 φαῦλρ·
940 736 1036 806 καλ
998 766 1060 844 γαρ
1072 742 1137 806 ἐπι-

126 834 268 911 τηροῦσιν
278 831 310 891 ολ
325 824 415 902 άλιεῑς
427 822 551 930 νύκτα,
542 820 619 890 καθ’
631 820 671 908 λρν
681 820 783 901 αύτοῖς
791 833 850 934 χρᾷ
860 821 918 891 σύν
928 823 1051 911 πατάγῳ
1063 834 1137 889 πολ-

128 918 187 1020 λρλ,
210 937 261 975 και
252 908 498 1015 κρταδύντες’
472 935 512 987 εις
523 936 555 975 τυ
544 905 668 976 κοῖλον
679 935 731 991 της
747 907 819 986 νεοδς
836 889 1082 1015 ἐστραμμένης’
1044 935 1139 991 αυτης

127 993 265 1100 (αόρατος
276 990 334 1078 γάρ
346 1020 362 1059 ο
351 990 496 1099 “δαίμων
501 989 614 1072 αὐτοῖς)
626 999 790 1095 θυμιωσιν,
803 992 992 1098 ἐπευχόμενρι
1002 989 1139 1059 άπαλλα-
1123 1032 1144 1045 --

126 1075 184 1184 ⁷6¹¹
202 1070 244 1143 ὧν
260 1075 461 1184 προαγορεύει
483 1075 546 1144 ὅδὲ
555 1074 795 1182 προσνηξάμενος
808 1104 845 1187 τρ
831 1080 946 1188 π’ίτρρ
958 1072 1138 1181 ὀλοφύρεται

125 1160 180 1246 τὴν
192 1157 364 1228 άθανασίαν
370 1158 492 1231 Ἑλλάδι
492 1189 595 1271 φρννη
576 1158 783 1267 αἰολιζούσχ,
789 1188 841 1226 και
832 1160 1076 1272 πρρλλγειζοόων
1084 1163 1139 1226 καὶ

126 1254 251 1330 καρπῶν
269 1244 401 1331 φθοράν.
425 1271 453 1311 οι
445 1240 536 1313 δὲ’
519 1244 697 1330 απεύχονται
707 1241 845 1313 άπόσιτοι
861 1248 912 1311 καί
924 1244 1029 1312 άποτοι
1039 1251 1137 1315 διατε-

125 1339 250 1406 λοῦντες.
271 1337 305 1393 R.

210 1427 262 1482 612
272 1422 305 1477 B
320 1409 464 1516 νίφος
432 1440 499 1515 την
498 1412 603 1490 Ἀϊδος
613 1442 709 1517 κυνην
720 1416 813 1496 φασίν
824 1407 980 1520 άθάνριτον
991 1416 1043 1479 καλ
1055 1409 1138 1494 άφα·

125 1500 200 1600 νές,
203 1495 299 1579 ι’γγουν
308 1490 418 1597 ρἰορασί
417 1522 470 1576 αν,
490 1491 742 1608 ὃπεριβρλλονται
758 1524 773 1562 ο
776 1496 919 1580 λθ,ἐοί
903 1525 974 1565 οταν
991 1501 1138 1564 ἐθέλωσιν

125 1577 263 1684 ἀλληλοις
278 1576 319 1661 μὴ
336 1575 564 1682 γιγνώσκεσθαι.
588 1586 722 1662 εἴληπται
738 1583 813 1704 δὲ’
786 1606 826 1657 εις
836 1546 1030 1669 πάροιμίανὲ
1030 1585 1065 1647 πλ
1075 1589 1137 1646 τοόν

125 1688 248 1744 αφανως
259 1688 286 1725 τι
297 1686 470 1727 ποιουντων
491 1671 525 1726 R
1140 1724 1150 1734 ,

210 1754 305 1817 614Β.
322 1737 380 1848 HQ
398 1748 482 1830 μέν’
468 1767 546 1812 εστιν
562 1744 578 1814 6
594 1773 646 1813 του
633 1745 759 1830 μύθου
770 1740 883 1832 πατηρ,
898 1745 1055 1849 Ἀρμενίου
1067 1748 1135 1815 τού-

126 1855 202 1913 νομα
213 1826 287 1910 υλός,
300 1827 467 1914 Πάμφυλος
478 1833 569 1916 γένος.
592 1840 652 1908 τοῖς
664 1832 695 1896 δὲ
705 1839 847 1934 μυθικοῖς
857 1828 1007 1941 πλάσμασι
1019 1857 1137 1916 ποιητι-

126 1921 180 1996 κῆς
194 1911 313 2019 χάριτος
330 1919 377 1980 δεῖ
392 1917 443 1980 καί
459 1941 519 1981 των
536 1943 587 1983 του
575 1914 728 1992 κάλλους
740 1912 910 2017 σχημάτων,
932 1908 975 1981 οἷν
985 1913 1005 2000 ἡ
1016 1921 1135 1999 ποίησις

127 1996 280 2082 διἀκορης.
303 2001 355 2064 καλ
365 1997 465 2105 τούτῳ
479 1995 533 2066 τόν
541 1994 677 2067 Ἀλκίνου
689 1994 838 2084 άπύλογον
849 1994 982 2110 λντρῦθα
992 2009 1134 2106 παρειλη-

125 2086 207 2185 φθαί
218 2107 333 2187 φαμεν,
352 2111 373 2166 η
390 2085 449 2148 εστι
470 2091 523 2150 τοῦ
541 2080 753 2162 Ὀδυσσίως’
719 2111 840 2167 νεκυια,
863 2085 914 2149 καλ
930 2111 967 2149 τα
955 2079 1011 2149 ἐν
1024 2082 1134 2153 ’Ἅιδου

125 2163 271 2275 θερλμριτα,
290 2193 331 2254 τρο
321 2166 557 2315 ψυχούλκςο
517 2197 577 2235 των
588 2174 727 2275 σφαγίριν
738 2170 921 2316 χρηραμίνου
929 2173 1045 2274 αἵματι.
1059 2167 1134 2234 όθεν

124 2251 176 2313 καί
194 2253 235 2324 εἰς
252 2255 413 2335 παροιμίαν
429 2235 610 2362 παρελήφθη
626 2250 658 2318 τὸ
669 2251 721 2317 τόν
719 2253 805 2354 περλ
818 2259 878 2316 τῶν
888 2254 921 2317 ἐν
929 2250 1037 2325 Ἀιδου
1049 2279 1077 2317 τι
1086 2255 1133 2319 λί-

124 2358 231 2438 γρντα
237 2337 376 2440 λέγεσθαι
395 2330 532 2401 Ἀλκίνου
545 2338 662 2441 τ,λέγειν
669 2330 825 2437 άπύλογον.
860 2330 1135 2443 άντιπαρατείνεται

125 2408 182 2508 ρύν
186 2425 231 2520 τῷ
242 2445 294 2483 του
283 2414 439 2484 Ἀλκίνου
434 2415 554 2564 ὲλόγρρ
539 2419 598 2482 υπὸ
609 2443 661 2483 του
648 2411 832 2496 Ὀδυσσέως
843 2418 994 2524 ῥηθέντι
983 2449 999 2492 ο
1010 2417 1068 2493 ύπο
1079 2429 1134 2486 τοῦ

128 2491 219 2585 Ὴρός.
243 2497 353 2585 πλιλρνί
352 2511 402 2604 κει
411 2529 431 2581 μ
434 2501 464 2564 ὲν
482 2501 498 2565 6
507 2481 664 2577 ’Λλκίνοος
679 2497 754 2602 πρὸς
770 2501 899 2612 α’ρηυην
901 2501 1055 2575 ὑπόκειται
1065 2508 1133 2589 βλί-

125 2610 191 2649 πων
202 2589 253 2659 καλ
257 2608 435 2692 τρυφην·
424 2585 563 2687 ἐντριύθα
567 2585 600 2650 δδ
604 2581 755 2691 γεννάδας
765 2612 811 2663 τις
821 2585 837 2652 6
847 2579 906 2674 Ηρ
918 2588 1070 2698 ἱστόρηται
1080 2592 1144 2663 καί,

125 2666 295 2770 πολεμικός,
307 2668 358 2730 καί
368 2659 439 2768 μετά
449 2661 481 2732 τό
493 2664 568 2732 κατά
585 2668 637 2733 τδν
629 2667 779 2775 πόλεμον
796 2664 1028 2755 άποθανειν,
1007 2702 1027 2738 α
1044 2700 1132 2756 χωρι-

124 2759 247 2833 σθείσης
259 2774 339 2834 αυτω
341 2775 397 2852 της
405 2759 503 2854 ψυχης
514 2756 573 2818 ἴδοι
585 2755 617 2818 ἐν
629 2750 736 2857 ‘Ac6ov
747 2749 940 2840 άπαγγλλλων
952 2763 1082 2840 δείματα.
1095 2765 1130 2822 R

211 2848 262 2903 616
273 2843 309 2894 Α.
318 2812 507 2913 ύσπάλοθός
518 2840 577 2903 ἔστι
589 2833 684 2919 φυτόν
695 2835 878 2944 άκαγθολδες.
900 2851 934 2909 Β.

209 2931 261 2989 621
279 2924 312 2981 Β.
335 2924 432 3024 μῦθος
449 2919 560 3024 ἕρνόθη]
579 2932 639 2999 τοῖς
657 2925 711 3027 μὲν
730 2913 785 2989 ούν
801 2933 921 3002 πολλοῖς
936 2931 1134 3012 προστιθέναι

123 3008 185 3075 τοῖς
196 2997 306 3080 μύθοις
318 2993 418 3078 εθος
397 3030 446 3087 ην,
459 3001 503 3070 ’ότι
514 3014 612 3112 μῦθος
623 3001 774 3112 άπάλετο,
776 3006 931 3079 δεικνύναι
940 3015 1132 3117 βουλομένοις

125 3078 164 3158 ὡς
175 3081 235 3168 άρα
246 3086 278 3149 ολ
290 3092 385 3190 μῦθοι
398 3085 569 3198 λέγουσι
533 3119 574 3174 μη
586 3087 673 3174 ὄντα,
692 3089 774 3157 καλ”
755 3120 816 3175 αμα
827 3096 841 3157 ί
842 3093 999 3184 ρρηθησαν
1011 3098 1063 3159 καλ
1075 3091 1132 3162 ούκ

123 3169 205 3235 εἰσίν.
227 3169 358 3236 Πλάτων
367 3167 590 3280 δὲτούραντίον
601 3199 757 3281 πανταχου
737 3177 911 3256 σοίζεσθαλ
923 3204 953 3247 τε
964 3179 1132 3259 καλσύζειν

122 3254 200 3401 ἔρηταί
213 3249 282 3332 τούς
300 3253 418 3337 μύθους
434 3253 502 3335 τούς
517 3254 584 3362 παρ’
601 3255 697 3348 αύτῷ,
715 3258 795 3365 μάλα
806 3288 839 3345 γε
849 3259 977 3340 εἰκότως
999 3272 1060 3331 τῶν
1071 3261 1131 3351 γάρ

72 3372 127 3540 Ι
178 3362 220 3402 ων
229 3340 302 3404 εἰσὶν
314 3341 457 3425 ἐξηγηταί,
476 3370 527 3429 και
517 3338 682 3425 ολφίίιμοι
694 3340 744 3409 διά
756 3353 851 3410 τοῦτο.
873 3341 942 3425 τούς
952 3343 1011 3437 γάρ
1022 3361 1130 3417 πειθο-
