2408 3764
51 153 88 211 8⁶
331 148 418 205 ΕΙΣ
437 148 536 208 ΤΟΝ
550 147 779 207 ΚΡΙΤΩΝΑ.
993 144 1056 209 22⁹

90 319 173 377 25
186 313 215 372 G.
235 332 261 371 ω
245 296 336 383 τᾶν]
353 296 377 371 ῶ
384 299 488 412 οὗτος,
507 296 531 371 ῶ
542 308 652 391 ἑταῖρε,
669 332 693 370 ω
681 298 835 410 τάλαν,
830 333 854 371 ω
840 296 948 389 μέλε·
965 313 1058 371 ταῦτα

52 415 137 477 παρα
146 415 208 467 τοις
218 386 392 494 νεωτέροις
377 415 435 456 νπο
445 398 505 457 τῶν
514 397 666 473 γυναικῶν
668 387 835 494 λέγεται’
797 403 914 472 μενων,
931 414 1014 495 παρα
1001 385 1058 456 δὲ

52 484 115 555 τοῖς
131 482 268 579 πρλαιοῖς
289 476 341 539 καλ
355 469 398 538 {m
395 467 550 577 ’ἆνδρῶν
583 470 724 549 πολλάκις
742 475 774 538 δὲ
791 476 841 537 καλ
858 476 906 576 Da}
922 473 1058 577 πλήθους

54 552 170 643 φασλ
141 583 173 623 το
186 548 210 623 ῶ
220 565 285 638 τᾶν,
303 554 342 633 ῶς
333 581 439 661 παρα
420 552 639 639 Κτησιφῶντι
660 560 690 621 οἱ
699 551 746 620 δὲ’
745 552 902 622 Amnon
871 584 927 640 την
936 583 1059 642 πρωτην

28 678 33 685 ·
54 587 206 748 συλλαβὴν
215 648 392 746 περισπῶσι,
407 636 463 723 τὴν
480 642 513 706 δὲ
523 642 666 743 δευτέραν
674 638 854 729 βαρύνουσι,
869 643 920 706 καλ
928 643 1057 725 βέλτιον·

54 717 255 807 ιἰᾅῶνατον
220 752 283 834 γαρ
289 729 418 808 μίανξ
371 726 418 804 λέξ
419 752 449 790 ιν
459 721 645 829 εὑρεθῆναι
628 721 683 790 δύο
696 723 820 826 λ’χουραν
828 727 1058 829 περισπωμένας.

56 798 189 917 Δλδνριος
206 803 283 874 δὲ
255 835 287 875 το
302 816 410 916 πλῆρες
426 805 504 875 εἶναί
518 829 610 891 φησιν
621 835 645 873 ω
632 797 775 890 ἴταν,’
758 813 876 891 αγνσῶν
886 804 925 884 ῶς
936 804 995 874 ἀπὸ
1006 816 1060 874 τοῦ
1106 885 1109 889 ,

57 897 121 977 λτης
131 921 151 978 η
163 891 312 995 κλητική
297 914 374 958 εστιν
385 896 445 972 ἕτα,
455 893 506 959 καὶ
513 899 679 999 Δωρικῶς
668 894 743 958 ἔσαν.
764 897 832 957 RS

139 988 175 1047 2⁷
187 985 218 1042 0.
237 970 405 1082 ἆντνγραφη
396 972 529 1058 ’ἐστιν,”
513 974 611 1043 οτανὸ
622 971 769 1081 φεύγων
751 966 850 1039 καλ’
813 968 900 1081 αυτὸς
910 1000 1060 1060 γραφηται

56 1087 108 1127 τον
126 1057 326 1142 διῶκονια,’
309 1087 348 1137 ως
367 1062 490 1125 ἐπὶτῶν
510 1059 716 1166 λαγχανόντων
731 1053 787 1161 τὴν
804 1084 845 1139 μη
862 1078 957 1122 ονσαν
973 1061 1061 1138 δίκην

58 1147 109 1210 καὶ
125 1152 184 1209 τῶν
200 1146 489 1230 παραγραφομένων·
513 1135 611 1209 καλ
575 1169 655 1209 ουτοι
666 1139 724 1227 γὰρ
735 1138 845 1227 τρόπον
854 1168 922 1206 τινα
934 1166 1059 1224 κατηγο·

59 1236 172 1314 ροῦσιν.
193 1236 260 1294 RS.

142 1321 174 1379 D.
197 1319 293 1389 καλῶς
308 1339 341 1397 γε
357 1305 394 1377 σν
407 1318 516 1392 ποιῶν,
534 1309 739 1398 Σῶκρατες,”
721 1337 801 1394 φνοις
817 1312 868 1375 καλ
882 1313 984 1386 ἵπποις
994 1333 1062 1384 τονς
1171 1344 1174 1348 -

60 1397 150 1476 θεοὺς
158 1394 329 1481 Ἀθηναίων
341 1393 601 1503 παραβαλλειςθ.

143 1491 219 1549 280.
241 1482 422 1568 τιμωρήσεις]
443 1473 509 1547 ἆντλ
528 1505 581 1546 τον
567 1474 811 1584 ἐκδικησεις,
790 1505 811 1586 η
829 1472 895 1544 ιἰντλ
911 1503 964 1543 τον
951 1479 1061 1541 εἰ
1019 1503 1060 1564 τρι

61 1562 226 1654 Πατρόκλῳ
244 1568 394 1648 ἐκδίκησιν
410 1573 463 1631 τοῦ
482 1561 578 1646 φόνον
592 1562 753 1676 παράσχῃς.
782 1588 943 1647 τοτητωρω
928 1562 992 1626 δὲ
1009 1580 1061 1667 ση-

61 1653 198 1733 μειωτέον
212 1676 256 1714 οτι
272 1654 375 1735 δοτικῇ
390 1648 594 1732 σνντασσεται,
612 1647 659 1714 ότι
675 1647 742 1714 αντὶ
758 1672 810 1712 τον
796 1652 932 1731 βοηθῶ
948 1645 1061 1730 λαμβα-

61 1760 149 1801 νεται.
173 1744 206 1802 0.

81 1819 84 1895 J
145 1827 223 1887 301).
242 1819 397 1884 πολλοῦδέ
396 1827 431 1894 ω]
427 1841 544 1921 πορρω
554 1820 621 1879 λλον
631 1818 701 1920 εἰμί
718 1822 753 1879 Β.
1124 1875 1127 1880 .

145 1917 180 1971 31
192 1911 223 1968 G.
244 1898 310 1967 vl
282 1928 314 1967 το
325 1899 512 2005 Σωκρατσνς
521 1895 701 2004 δαιμόνιον”
684 1923 701 1962 ο
712 1898 787 1972 τινές
798 1916 891 1978 φασιν
904 1891 949 1959 ότι
959 1921 1020 1977 ηχω
1030 1873 1062 1960 το

63 1989 114 2051 καὶ
125 1983 202 2064 ἐξιὸν
212 1983 466 2068 καταλαμβανεται
477 1978 557 2068 αὐτῶ
567 2009 628 2058 ονς.
652 1990 684 2047 0.

147 2079 225 2137 401).
246 2047 663 2150 κατέδαρθεν]κατεκοιμηθη.
685 2073 718 2129 R

307 2353 404 2420 ΕΙΣ
430 2351 546 2419 TON
560 2347 819 2425 ΚΡΙΤΩΝΑ.

107 2569 139 2623 P.
154 2565 234 2624 43A.
256 2557 399 2635 ἐπιεικῶς]
411 2559 534 2639 ἱκανῶς,
550 2556 671 2639 ἐπίπαν,
683 2561 811 2639 φιλικῶς
821 2545 1066 2635 παρᾶΠλιὶτωνι.

65 2652 130 2712 RS
151 2734 182 2791 D.
206 2717 281 2789 αλλα
292 2729 386 2803 δοκεῖ]
397 2749 543 2828 γραφεται
553 2725 604 2787 καὶ
615 2718 690 2788 αλλα
701 2727 808 2787 δοκειν
827 2728 862 2783 Β.

151 2823 185 2876 45
198 2816 227 2874 C.
250 2809 381 2914 χωρλςμὲ
382 2814 410 2891 ν]
421 2805 565 2911 γράφεται
576 2809 627 2870 καλ
637 2802 712 2870 ἀλλὰ
724 2806 811 2889 χωρὶς
822 2805 884 2884 μέν.
907 2808 941 2863 Β.

150 2904 185 2959 D.
203 2890 272 2958 εἰ
238 2921 296 2998 γαρ
307 2890 432 2995 ωφελον]
445 2885 512 2955 ἆντλ
521 2893 633 2954 τοῶελθ
634 2915 655 2954 ε.
676 2898 710 2952 Β.

149 2989 226 3046 46Ε.
249 2974 304 3043 οσα
318 3003 361 3084 γε
368 2970 447 3042 τᾶνθ
449 2971 569 3076 ρῶπεια]
589 2969 655 3037 ἀντὶ
670 2979 723 3037 ταῦ
739 2967 809 3037 οσον
820 2995 874 3034 κατ
872 2962 1068 3074 ἀνθρσκιον,

66 3062 138 3130 οσον
155 3066 195 3138 εἰς
211 3071 322 3147 γνῶσιν
339 3086 412 3144 ηκεν
422 3053 603 3144 ανθρωπων,
617 3051 688 3122 οσον
698 3051 899 3121 αἰσθανεσθαι
910 3049 1069 3137 ανθρωπος

67 3147 191 3299 δυνατῶς
193 3156 381 3315 Ορχρήματα
391 3224 564 3312 πραιτοντες
575 3218 641 3290 ιἰνιὶ
651 3251 703 3290 τον
689 3230 868 3300 τελοῦντες.
888 3230 964 3286 Β..

137 3323 235 3381 50.Α
255 3317 317 3380 εἰπέ
326 3323 387 3396 μοι]
400 3331 473 3395 σημε
473 3314 558 3375 ίωσαι
569 3304 624 3391 τὴν
634 3306 856 3394 μετάβασιντοω
842 3302 1068 3392 ἰἰριθμοΜ
