2408 3764
407 149 679 209 ΕΠΙΣΤΟΛΗ
694 141 726 222 ἴ.
1035 149 1079 215 ³9

57 319 173 387 θέντα
190 309 235 393 ός
251 307 359 383 αὑτοῦ
376 310 508 395 τέχνην,
525 302 631 376 οὐδέν
647 312 716 376 τοῖν
733 305 849 376 αύτοῖν
866 299 918 376 ύν
937 304 1075 377 όκούοι·

62 412 145 484 olea
157 413 193 479 δέ
206 408 310 479 ούθέν
322 411 464 478 τούτων.
488 403 615 484 ἄλλους
626 407 689 490 μέν
700 430 793 487 τινας
810 405 887 475 οἶδα
902 407 1077 497 γεγραφό-

59 538 125 592 τας
137 514 214 597 περὶ
228 516 298 578 τοῖν
310 505 424 577 αὐτῶν
436 505 579 591 τούτων,
592 507 715 582 οἵτινες
732 509 779 594 δέ,
797 506 875 576 οὐδ’
896 505 994 577 αύτολ
1011 505 1075 579 αύ-

60 610 161 691 τούς
154 608 316 677 τοσόνδε
328 633 367 694 γε
378 605 446 693 μήν
458 605 538 689 περὶ
548 626 688 670 παντων
700 605 762 686 ἔχω
773 605 912 692 φράζειν
930 633 1000 676 των
1016 632 1075 692 γε-

57 709 248 799 ’γραφότων
266 710 323 776 καλ
340 704 562 827 γραψόντων,
577 697 654 767 ὅσοι
670 696 774 785 φασὶν
791 728 806 769 ε
808 707 913 775 θέναι
931 698 1054 797 περὶ
1025 704 1076 775 ων
1094 727 1113 779 c

61 803 132 896 έγύ
146 807 336 892 σπουδάζω,
349 802 412 872 είτ’
433 797 554 887 έμού’
536 799 717 884 ακηκοότες
733 796 794 866 εἴτ’
812 797 923 872 ἄλλων
940 803 1008 881 ελθ’
1028 802 1075 886 ύς

62 904 229 995 εὑρόντες
241 901 351 988 αύτοί,
359 899 502 977 τούτους
513 924 577 965 ουκ
584 901 655 966 ἔστι
665 896 750 966 κατύ
760 923 799 984 γε
805 923 868 985 την
878 902 960 988 ἐμήν
971 906 1074 987 δόξαν

60 1008 220 1093 περὶτοῦ
233 1000 428 1118 πράγματος
438 998 565 1066 ἐπαΐειν
577 992 690 1065 ούθέν.
714 994 845 1065 ούκουν
856 997 939 1083 έμόν
950 1027 988 1086 γε
999 1005 1075 1123 περὶ

60 1103 183 1174 αὐτῶν
199 1106 270 1168 ἔστι
281 1097 481 1217 σύγγραμμα
492 1092 573 1163 οὐδὲ
583 1094 712 1183 μήποτε
726 1098 878 1217 γέγήται·
897 1095 1048 1185 ῥητόν
1011 1126 1074 1188 γαρ

61 1199 227 1285 οὐθαμῶς
239 1192 363 1264 ἐστίν’
339 1221 384 1275 ως
394 1192 478 1264 ἄλλα
496 1193 689 1282 μαθήματα,
701 1191 777 1263 ἀλλ’
796 1197 834 1262 ἐκ
846 1200 973 1281 πολλής
991 1213 1076 1263 συν-

64 1303 150 1368 ουσί
148 1325 186 1379 ας
200 1298 400 1385 γιγνομένης
417 1293 545 1384 περὶ
511 1319 547 1362 το
567 1317 703 1382 πραγμα
719 1291 802 1364 αύτο
792 1292 878 1364 καὶ
891 1321 953 1364 του
940 1301 1075 1387 συζήν

64 1398 225 1482 ἐξαίφνης
241 1389 315 1462 οἷον
329 1391 395 1462 ἀπὸ
414 1390 523 1481 πυρός
540 1392 752 1480 πηδήσαντος
773 1395 923 1481 ἐξαφθὲν
942 1400 1016 1482 φύς
1033 1395 1108 1462 ένΙ)

61 1501 106 1584 τῇ
124 1500 216 1584 ψυχῇ
232 1493 420 1581 γενόμενον
437 1490 521 1561 αύτὸ
543 1490 642 1561 ἑαυτό
661 1489 726 1581 ήθη
743 1495 869 1581 τρέφει.
890 1497 999 1561 καίτοι
1015 1517 1074 1562 το-

62 1592 169 1662 σόνθε
180 1619 220 1678 γε
226 1590 341 1680 οιθα,
320 1618 372 1661 οτι
384 1588 589 1680 γραφέντα”
567 1619 590 1678 η
600 1588 793 1679 λεχθέντα
773 1618 822 1660 υπ
821 1588 926 1679 ’έμού
932 1590 1071 1681 βίλτιστ

61 1719 109 1760 αν
125 1697 277 1780 λεχθείη·
299 1690 409 1760 καὶ
368 1719 436 1779 μην
456 1690 509 1760 ὅτι
525 1695 738 1789 γεγραμμένα
754 1697 865 1770 κακῶς
881 1689 945 1778 οὐχ
961 1688 1071 1778 ἥκιστ’

62 1788 109 1860 ἂν
121 1791 178 1878 ἐμὲ
189 1800 307 1861 λυποῖ·
320 1797 351 1860 ελ
359 1794 400 1860 δέ
408 1817 465 1877 μοι
476 1795 632 1879 ἐφαίνετο
634 1792 792 1910 γραπτέα
802 1787 836 1858 θ’
850 1794 974 1871 ίκανως
985 1782 1071 1860 εἶναι

63 1888 152 1977 πρὸς
162 1888 398 1971 τούςπολλούς
409 1890 566 1978 καλρητύ,
575 1894 610 1956 τί
618 1888 742 1957 τούτου
749 1887 1068 1979 κόλλιονέπέπρακί

61 2016 108 2058 αν
130 1987 211 2075 ήμίν
227 1991 265 2056 έν
284 2015 329 2079 τφ
316 1994 386 2075 β
385 2015 422 2080 φ,
438 1986 461 2076 ή
478 2003 549 2068 τοϊς
564 2014 600 2057 τε
616 1986 830 2078 ἀνθρώποισι
847 1994 931 2075 μέγα
949 1987 1073 2076 όφελος

62 2087 193 2174 γράψαι
210 2089 268 2156 καὶ
284 2085 347 2174 τήν
364 2088 472 2174 φύσιν
490 2093 537 2167 είς
554 2092 628 2172 φως
645 2091 727 2154 πᾶσι
748 2100 972 2175 προαγαγείνς
995 2083 1069 2154 ἀλλ’

63 2184 146 2255 οὔτε
167 2185 366 2279 ἀνθρώποις
383 2184 531 2273 ήγούμαι
553 2182 616 2271 τήν
638 2186 842 2272 έπιχείρήσιν
860 2188 937 2275 περὶ
958 2184 1111 2252 αύτοᾶνΕ

63 2292 253 2374 λεγομένην
270 2285 415 2374 ιἰγαθόν,
434 2291 465 2354 εί
478 2286 525 2374 μή
542 2303 632 2354 τισιν
645 2282 782 2372 ὀλίγοις,
801 2283 922 2353 ὁπόσοι
933 2289 1073 2354 δυνατοὶ

64 2384 228 2472 ἀνευρεῖν
240 2383 336 2455 αύτολ
348 2385 404 2454 διὰ
416 2393 560 2474 σμικροῖς
571 2388 758 2467 ἐνδείξεως·
768 2424 769 2429 1
780 2393 849 2455 τῶν
860 2410 896 2454 τε
907 2384 948 2474 δή
960 2383 1072 2455 ἄλλων

64 2483 149 2566 τούς
159 2482 222 2571 μέν
232 2486 514 2575 καταφρονήσεως
525 2484 590 2556 ούκ
608 2484 722 2574 ὀρθοῖς
739 2486 939 2574 ἐμπλήσειεν
950 2481 993 2554 όιν
1010 2484 1073 2555 ού-

65 2590 158 2675 δαμῇ
168 2585 345 2670 έμμελοῦς,
357 2583 436 2666 τούς
447 2588 485 2654 δὲ
501 2583 634 2673 ὑψηλῆς
649 2588 706 2655 καὶ
722 2587 849 2672 χαύνης
866 2587 1009 2669 έλπίθος,
1028 2580 1073 2663 ὥς

66 2678 164 2768 σέμν’
179 2678 261 2749 ἄττα
275 2682 520 2767 μεμαθηκότας.
543 2683 642 2753 ἔτιδὲ
658 2683 850 2772 μακρότερα
867 2685 944 2765 περὶ
961 2679 1075 2746 αύτοῐν
1090 2695 1131 2750 345

64 2783 105 2850 έν
116 2787 167 2872 νῷ
178 2806 236 2867 μοι
245 2782 387 2865 γέγονεν
396 2785 511 2848 εἰπεῖν.
535 2783 617 2869 τύχα
633 2784 697 2870 γὰρ
711 2780 754 2849 όν
765 2784 842 2867 περὶ
853 2774 903 2847 ύν
914 2780 1000 2863 λέγω
1013 2798 1074 2845 σα-

52 2887 54 2895 ’
67 2874 289 2970 φέστερονιύν
301 2885 353 2964 είη
365 2904 397 2946 τι
411 2881 601 2964 λεχθέντων
614 2876 744 2946 αὐτῶν·
757 2882 827 2944 ἔστι
838 2877 903 2962 γάρ
915 2901 965 2955 τις
975 2873 1074 2961 λόγος

66 2976 199 3099 ἀληθής
216 2981 366 3058 ἐναντίος
379 2983 427 3069 τῷ
443 2976 809 3098 τολμήσαντιγρύφειν
825 2973 1074 3042 τῶντοιούτων

66 3074 151 3146 καθ’
135 3083 264 3163 οτιούν,
276 3077 437 3157 πολλάκις
447 3072 540 3163 μέν’
521 3100 571 3144 υπ
574 3073 686 3163 ’έμού
703 3076 759 3161 καί
775 3072 929 3162 πρόσθεν
946 3078 1073 3163 ῥηθείς,

67 3180 158 3244 ἔοικε
170 3172 204 3243 δ’
218 3168 283 3244 οόν
295 3172 380 3244 εἶναι
392 3178 448 3244 καὶ
459 3183 526 3244 νύν
538 3179 678 3256 λεκτέος.

144 3266 236 3342 ’Ἐστι
248 3299 317 3341 των
329 3270 439 3342 όντων
449 3273 586 3365 έκύστφ,
594 3266 698 3343 δίων
705 3299 767 3362 την
774 3272 987 3362 έπιστημην
968 3273 1075 3360 ανύγ-

65 3399 110 3460 κη
126 3380 408 3462 παραγίγνεσθαι,
426 3380 516 3462 τρία·
536 3373 738 3466 τέταρτονθ’
753 3372 855 3463 αύτή·
876 3371 1071 3463 πέμπτονθ’
