2408 3764
70 194 98 278 ε’
371 218 707 287 mmmm
1013 219 1075 285 149

156 386 205 441 fv.
225 372 305 443 Ἐπεὶ
333 369 387 442 σύν
414 375 659 478 τεθεριρηκαμεν
666 374 722 459 τὴν
742 376 892 485 διαφοράν
917 375 1017 445 αύιων
1039 379 1078 459 όις

70 464 187 563 πέφυκε
207 466 363 563 γίγνεσθαι
378 463 430 525 καί
443 456 512 536 τούς
526 465 727 544 χαρακτῆρας,
750 464 797 527 έπλ
810 463 923 540 τούτοις
922 467 1074 569 λέγωμεν,

72 541 132 610 άπο
123 540 242 611 ποίων
264 543 427 646 διαλόγων
433 549 481 608 δεῖ
492 539 674 644 ἀρχομένους
695 545 881 650 ἐντυγχάνειν
894 573 935 650 τρι
922 549 1075 613 Πλάτω

70 654 122 705 νος
137 626 223 732 6666.
240 628 379 719 διάφοροι
392 623 450 711 γάρ
466 627 550 703 δόξαι
562 623 732 729 γεγόνασιν
749 652 764 690 ο
766 624 874 709 λ’μέν
855 626 914 695 απὸ
927 640 986 697 τῶν
994 627 1075 696 Ἐπι-

72 710 218 777 στολῶν”
198 738 345 815 αρχονιαι,
362 716 393 775 οἱ
411 704 474 775 δὲ’
447 707 516 813 απὸ
531 717 583 772 τοῦ
601 707 746 810 Θεάγους·
769 713 824 774 είσί
844 715 924 776 δὲ
894 738 922 776 οι
943 711 1016 779 κατά
1031 742 1074 780 ιε-

71 801 231 879 τραλογίαν
252 794 394 870 διελόντες
416 788 526 868 αύτούς
540 795 591 856 καί
604 791 741 857 τάττουσι
757 791 877 877 προόιην
890 804 1075 904 τετρριλογίαν

70 875 305 982 περιέχουσαν
277 905 328 943 τον
345 873 536 980 Εὐθύφρονα
550 870 670 980 κοίτην
681 871 856 979 Ἀπολογίαν
870 880 921 941 και
939 876 989 944 τόν
1002 889 1074 965 Κρί-

70 989 150 1028 τωνα
159 957 249 1026 καί
220 987 273 1027 τον
281 969 331 1025 Φα
331 965 439 1024 ίδ·οινα
455 957 507 1023 τόν
517 951 619 1062 W
581 954 843 1064 ουνΕύθύφρρνα,
852 962 912 1025 έπεὶ
924 987 975 1025 και
965 965 1073 1046 ἐπαγ-

69 1050 200 1149 γέλλεται
221 1071 262 1128 ιφ
283 1041 436 1148 Σωκράτει
457 1037 545 1107 ἐν’
509 1051 590 1149 αυτρῖ
609 1039 629 1126 6
652 1048 735 1125 δί,ιιη
763 1040 818 1146 τὴν
838 1045 871 1109 δὲ
891 1038 1073 1147 Ἀπολογίαν,

69 1124 200 1233 έπειδίχ’
183 1121 699 1230 αναγκαῑουαύτρῖάπολογησασθαι,
707 1123 1075 1231 έπίιούιοιςτόνΚρίτωνα

70 1209 124 1279 διά
143 1239 198 1293 την
218 1214 251 1276 ἐν
267 1220 309 1300 ιρι
329 1192 514 1315 δεσμάτηρίφ
538 1209 706 1313 διατριβήν,
730 1207 875 1276 ἔπειτα
846 1237 899 1277 τον
922 1216 1073 1288 Φαίδωνα,

70 1299 134 1361 ἐπεὶ
153 1291 241 1358 ἕν’
204 1303 284 1383 αυτρδ
303 1298 382 1371 τέλος
401 1302 454 1358 τοῦ
475 1300 543 1377 βίου
564 1291 741 1398 λαμβάνει
729 1321 746 1360 ο
765 1293 936 1379 Σωκράτης.
968 1292 1073 1377 ταύτης

70 1388 122 1462 τῆς
144 1378 229 1482 δόξης
248 1361 303 1443 είσλ
325 1382 526 1482 Δερκυλλίδης
545 1381 597 1445 καί
619 1377 802 1484 Θράσυλλος,
831 1384 952 1444 δοκοῦσι
973 1382 1006 1444 δέ
1024 1404 1073 1460 μοι

68 1460 236 1567 προσώποις
250 1466 302 1527 καί
313 1467 347 1545 βί
345 1490 387 1527 ων
389 1460 613 1567 περιστάσεσιν
617 1457 796 1567 ἧθεληκένριι
811 1459 894 1541 τάξιν
909 1465 1069 1529 ἐπιθεῖναι·

68 1545 165 1613 όέσιι
184 1548 239 1650 μὲν
252 1551 323 1623 ἴσως
342 1543 486 1650 χρησιμον
500 1543 580 1656 πρός
593 1545 664 1612 άλλο
678 1574 720 1624 τι,
743 1542 779 1612 ού
794 1543 855 1630 μὴν
868 1543 941 1632 πρός
960 1543 1073 1629 δὴμεῐς

16 1696 37 1716 5
68 1638 126 1695 νῦν
136 1628 315 1733 βουλόμεθα,
332 1628 502 1736 βουλόμεθα
517 1624 580 1695 δε’
562 1628 657 1741 66666
667 1658 718 1695 και
708 1633 867 1708 διάταξιν
882 1635 1073 1708 διδασκαλίας
1192 1640 1198 1652 “

68 1722 120 1796 τῆς
135 1710 211 1778 κατά
232 1711 389 1820 σοφίαν“
362 1724 465 1823 ευρεῐν.
494 1741 591 1821 φαμεν
606 1740 660 1780 ουν
681 1712 842 1790 Πλάτωνος
861 1712 949 1817 λόγου
970 1741 1012 1796 μη
1000 1711 1071 1778 εί-

69 1826 119 1863 ναι
138 1803 210 1880 μίαν
229 1795 319 1863 καίθ
301 1801 465 1903 ωρισμένην
493 1796 600 1904 666611·
629 1793 807 1864 ἐοικέναι
760 1824 832 1900 γαρ
852 1792 943 1863 αύτὸν
964 1800 1072 1862 τέλειον

70 1880 140 1947 όιπα
155 1888 252 1985 τελείρι
267 1880 415 1986 σχήμριτι
406 1881 533 1948 κύκλου·
550 1884 645 1987 ὥσπερ
661 1872 716 1946 σύν
729 1879 841 1945 κύκλου
855 1886 910 1962 μία
928 1877 1021 1946 μαλ’
1002 1908 1070 1966 ωρι-

70 1963 207 2049 σμένη’
175 1993 231 2030 ουκ
233 1948 355 2032 ἔστιν’
316 1993 422 2071 αρχη,
442 1963 533 2042 οὕτως
548 1961 617 2071 ρύδὲ
631 1992 683 2030 του
670 1962 795 2069 λόγου.

153 2060 190 2114 V.
221 2044 267 2116 06
288 2078 329 2153 66
330 2077 348 2114 ν
369 2049 420 2114 διδ
439 2057 524 2113 τούτο
545 2045 682 2114 ὁπωσοῦν
702 2044 741 2124 ὡς
759 2051 858 2155 ἔτυχεν
878 2047 1071 2130 έντευξόμεθα

40 2128 164 2220 ,αύτρν
188 2128 306 2198 ούδὲ
273 2161 330 2234 γαρ
350 2136 377 2197 εί
390 2134 451 2196 δέοι
466 2134 578 2236 κύκλρν
591 2131 731 2236 γράφειν,
747 2126 807 2236 όφ’
825 2129 999 2237 οὑτινοσοῦν
1019 2152 1070 2212 ση

68 2221 151 2299 μείου
162 2211 326 2321 άρχόμενός
340 2241 383 2292 τις
398 2212 571 2320 γράφειτδν
591 2216 716 2281 κύκλον·
738 2209 800 2319 866
805 2210 876 2317 ἀφ’
897 2207 933 2297 ἧς
949 2210 988 2277 δν
1003 2217 1069 2279 ἕκα-

68 2321 135 2374 στος
155 2297 240 2402 ἡμῶρ
259 2303 378 2383 σχέσεως
397 2304 448 2388 ἔχη
469 2296 543 2385 πρὸς
562 2297 614 2366 τόν
635 2298 723 2383 λόγον
741 2295 900 2382 ύρχόμενυς
914 2297 1071 2376 έντούξειαι

67 2409 130 2487 τοις
150 2379 304 2486 διριλόγοις.
334 2385 442 2491 σχέσεις
462 2385 495 2450 δέ
512 2388 630 2461 πλείους
653 2387 705 2449 καί
710 2385 868 2488 διάφοροί
892 2387 965 2447 εἰσιν
984 2379 1070 2465 ἡμῶν

67 2463 154 2571 πρός
158 2461 210 2530 τὸν
223 2465 318 2571 λόγρν.
334 2494 354 2571 η
342 2466 476 2573 ‘W'
436 2495 495 2554 γαρ
512 2471 572 2534 ἐστι
584 2465 659 2534 κατὰ
674 2467 775 2551 φύσιν,
792 2464 899 2533 αἶαν’
869 2463 981 2549 ευφυης
991 2466 1070 2571 όφυ-

67 2550 118 2635 ης·
139 2545 206 2632 ἡδὲ
221 2547 295 2614 κατά
309 2547 365 2632 τὴν
380 2548 512 2654 ηλωρίαν,
532 2551 636 2618 αἶαν’
613 2580 693 2639 ωραν
709 2557 782 2637 έχων
796 2579 848 2617 του
835 2546 1070 2655 φιλοσοφεῖνίγ

68 2635 261 2719 παρηβηκώς·
284 2631 356 2739 666
377 2630 452 2698 κατά
470 2643 654 2720 προαίρεσιν,
677 2635 741 2702 οἷον
761 2639 904 2719 φιλοσοφί
902 2632 972 2738 αςη
966 2632 1068 2697 ἱστο

70 2730 134 2830 ρίας
153 2715 292 2822 ένεκρι·“
266 2745 296 2822 η
318 2719 350 2781 δὲ
365 2713 441 2781 κατά
461 2721 529 2796 ἕξιν,
551 2721 616 2785 οἷον
629 2746 652 2784 π
653 2715 916 2822 ροιετελεσμένος”
895 2745 915 2799 η
930 2712 1068 2796 ἀμαθής·

68 2831 90 2885 η
76 2804 136 2868 δε
154 2798 230 2867 κατά
243 2829 298 2884 την
312 2797 401 2882 ύλην,
423 2797 515 2866 οἷονέ
500 2750 670 2908 ένασχολῶν
679 2797 868 2905 φιλρσοφίρ
853 2828 873 2881 η
868 2797 1068 2903 περιελιιόμε

69 2911 119 2963 νος
133 2883 192 2951 υπό
206 2913 267 2951 των
260 2883 492 2989 περιστάσεων.
508 2881 525 2949 6
540 2889 594 2968 W
608 2879 663 2952 σύν
677 2881 753 2951 κατά
765 2883 858 2966 φύσιν
874 2875 907 2947 εύ
921 2881 1068 2985 πεφυκός,

69 2973 120 3073 κρδ
140 2966 215 3037 κατὰ
221 2965 291 3118 ίτὴν
311 2966 473 3053 ἡλικίαν’
450 2995 531 3073 ωραν
551 2973 626 3074 ἕχριν
646 2996 698 3034 του
685 2974 901 3069 φιλοσοφεῖν,
928 2970 979 3031 καί
995 2962 1070 3030 καιόι

68 3049 124 3136 τὴν
144 3059 314 3159 προαίρεσιν
334 3055 419 3119 ἕνεκα
438 3061 490 3118 τοῦ
511 3048 618 3139 άρετὴν
639 3048 768 3136 άσκησαι
781 3045 967 3155 προσιόντα
954 3047 1068 3153 λόγφ,

69 3141 121 3202 καί
136 3134 211 3202 κατά
216 3135 280 3242 την
296 3140 357 3216 ἕξιν
378 3140 650 3243 προτετελεσμένρς
646 3147 706 3215 τοῖς
718 3133 897 3243 μαθήμασι,
918 3137 969 3199 παὶ
976 3127 1068 3237 άφει-

69 3217 186 3303 μένος’
170 3218 228 3286 απὸ
242 3230 300 3287 τῶν
317 3229 476 3288 πολιτικῶν
492 3222 698 3307 περιστάσεων,
715 3214 861 3306 ύρξειαι’
844 3215 901 3284 αιιδ
916 3244 967 3283 του
955 3212 1068 3281 Ἀλκι-

69 3305 177 3408 βιάδου
197 3302 270 3388 πρὸς
282 3301 315 3371 τό
327 3313 476 3389 τραπῆναι
489 3310 540 3370 καί
555 3309 771 3411 έπισιραφηνριι
785 3306 836 3369 καί
848 3311 962 3406 γνῶναι
975 3327 1011 3367 ου
998 3291 1073 3365 δεῖ

69 3385 124 3471 τὴν
135 3391 300 3478 ἐπιμέλειαν
308 3398 467 3454 ποιεῖσθαι.
489 3385 564 3454 *εἶθ’
566 3388 615 3429 *”
593 3412 688 3475 ωσπερ
699 3385 773 3476 πρὸς
782 3384 970 3472 παράδειγμα
977 3378 1051 3453 καλό
