2408 3764
17 3538 22 3567 l

96 200 145 240 κιο
212 190 222 218 ·
476 259 478 262 y
509 187 739 241 enarrarre

96 329 161 377 etius
176 341 258 391 ,quam
274 319 361 392 ιιούος
377 327 431 393 legi
453 329 512 392 ipsa
529 318 662 383 θάλπους
678 308 774 378 vicinia
787 328 875 393 docet,
903 344 967 392 quae
988 330 1106 380 librarios
1131 333 1164 382 ad

96 394 204 447 similem
221 399 424 447 terminationem
443 395 647 462 subjungendam
663 397 796 448 induxisse
811 398 927 458 videtum
952 415 1018 462 quae
1035 415 1112 462 quum
1129 403 1165 452 ita

96 466 160 526 sint,
176 464 266 516 etlam
287 481 316 531 p.
335 465 386 536 3d8
410 466 432 515 D
460 481 542 529 neque
568 454 702 529 ἅλγίστην
725 480 773 530 pro
796 457 928 532 ἀλγεινὴν
954 483 1037 532 neque
1060 464 1118 517 πού
1132 462 1164 518 δὲ

96 526 199 598 πρύην
216 527 248 584 ολ
261 550 308 601 pro
324 530 383 584 πού
400 524 429 583 δ’
449 526 479 583 οδ
494 525 595 599 πρώην
615 535 762 600 recipiendo
778 538 830 585 vim
845 537 966 601 scriptori
984 537 1087 587 allatam
1106 553 1164 588 esee

95 616 179 669 spero.
208 628 244 640 -
269 604 297 654 P.
316 602 369 655 369
386 604 408 653 Α
425 597 580 686 σύγκλυδας
597 602 622 652 V
639 611 665 653 et
682 602 868 669 Schneiderus‚
887 598 1086 670 συγκλύδωυος
1103 608 1122 656 Ρ
1139 617 1164 657 et

94 671 125 735 B,
136 663 300 736 συγκλύδων
318 671 370 733 sr;
389 679 415 721 at
432 668 573 736 συγκλυδοι
588 662 674 737 ὄχλον
682 674 763 734 1ιιοιλι
780 676 855 724 etiam
866 671 961 725 Suidas
969 675 998 726 Τ.
1009 677 1053 729 111.
1063 690 1090 740 p.
1101 675 1162 727 789.

95 767 130 778 —
146 741 173 793 Ρ.
195 740 282 793 3691)
301 731 506 807 ἀντικρουήσῃς
523 741 559 798 H,
578 731 643 804 ἄρτι
658 732 799 808 κροσήσῃς
816 743 886 804 libri,
903 745 947 794 ubi
962 753 1046 794 tamen
1061 753 1162 809 praete-

94 810 138 859 riti
164 812 285 876 temporis
313 810 460 862 adverbium
483 810 562 860 luturi
581 807 880 875 macti-significationi,
900 827 978 876 qnam
1000 814 1162 877 conjunctivo

95 880 184 929 aoristi
199 882 282 929 inesse
299 887 421 943 constat„
438 895 490 930 non
514 881 640 937 convenia
665 881 733 942 quod
753 881 804 930 nisi
825 883 883 944 quis
901 897 960 932 cum
975 883 1096 932 Fischero
1115 896 1160 931 πι-

95 941 277 1013 θανωτέρους
292 945 351 996 σύν
367 935 432 1012 ἄρτι
445 939 546 1013 λόγους
561 947 639 997 scribi
651 948 776 1012 maluerit,
791 963 892 1001 mecum
903 952 1085 1016 incomposito
1095 966 1161 1001 novo

85 1015 140 1067 'illo
157 1019 260 1081 quidem
274 1018 319 1068 sed
338 1024 363 1067 et
380 1016 495 1083 legitimo
510 1023 536 1066 et
553 1024 612 1081 apto
632 1019 786 1079 acquiescet.
811 1045 846 1056 —
871 1021 900 1076 Ρζ
921 1019 973 1071 3119
988 1021 1009 1070 Ε
1031 1010 1161 1083 ἀρκεῖται

94 1084 172 1146 Vbs,
188 1076 298 1135 ἀκεῖται
316 1086 337 1136 Τ
355 1101 388 1135 ex
406 1085 591 1142 Hemsterhnsii
609 1087 770 1151 conjecturar
786 1086 852 1137 illud
860 1095 945 1139 tamen
953 1090 1008 1153 jam
1018 1088 1161 1138 Bneckhins

94 1162 239 1221 comparato
256 1154 314 1204 Her.
332 1153 378 1206 IX.
398 1153 431 1206 33
447 1156 527 1205 tuitus
544 1161 596 1218 est,
610 1169 659 1205 nec
677 1154 847 1206 Schneiderus
866 1158 969 1221 abjecit.
997 1186 1033 1198 -
1062 1158 1092 1208 P.
1108 1155 1161 1209 370

93 1224 118 1273 A
132 1218 324 1288 περιυιδελςΗ
339 1231 365 1272 et
378 1221 546 1274 Schneiderus
562 1238 621 1272 cum
639 1223 738 1274 dnobus
756 1225 828 1274 libris
845 1239 896 1273 non
913 1227 1028 1290 optimis,
1044 1227 1091 1276 sed
1107 1228 1160 1276 exi·

93 1307 145 1360 gna
158 1293 228 1357 vulg.
247 1288 399 1367 ueprrlilqe
412 1294 551 1342 mutatione
569 1292 708 1356 eademque
725 1296 884 1359 necessaria,
907 1296 968 1356 quia
984 1288 1161 1359 περιτρέπεις

93 1352 213 1411 σεαυτὸν
238 1360 294 1411 solo
316 1353 536 1425 δειμανούμενος
559 1373 610 1409 non
634 1362 697 1411 satis
719 1363 852 1422 delinitur,
872 1362 919 1411 sed
933 1361 1039 1411 alterum
1053 1365 1159 1426 partici-

92 1431 165 1496 pium
182 1430 295 1495 flagitat,
312 1431 380 1494 quod
393 1431 473 1496 priori
486 1431 523 1480 illi
537 1431 574 1478 ita
588 1437 744 1495 opponatur,
760 1429 863 1480 uthina
878 1430 981 1480 demum
994 1431 1159 1481 contradictio

93 1500 195 1551 existat.
218 1525 252 1536 -—
276 1499 306 1552 P.
325 1499 376 1551 370
393 1501 413 1549 B
430 1489 516 1564 φύσις
532 1483 603 1547 ούσοι
616 1488 732 1548 τοσόνδ’
750 1487 786 1549 liv
801 1487 891 1564 ἤρατο
907 1499 943 1560 11,
971 1489 1057 1562 φύσις
1073 1490 1160 1548 τόσον

93 1559 212 1633 deripuere
230 1567 309 1631 VBS,
328 1561 413 1632 φύσις
427 1560 513 1618 τόσον
531 1557 568 1617 ἂν
585 1557 675 1631 ἤρατο
690 1568 724 1628 Τ;
749 1576 774 1618 at
789 1567 867 1617 latius
882 1568 1053 1632 corruptelam
1070 1577 1160 1634 patere

94 1639 248 1703 optimorum
258 1638 374 1688 codicum
390 1638 466 1687 lectio
478 1633 652 1702 τοσονδυους
668 1635 710 1686 vel
726 1632 911 1695 ιοσουδοιους
928 1627 1047 1702 deripere
1058 1640 1158 1703 arguitr

91 1706 161 1757 unde
185 1722 264 1770 quum
289 1709 343 1772 jam
371 1706 528 1757 Schmidtius
548 1706 630 1770 Epist.
650 1706 684 1755 ad
698 1706 783 1756 Turio.
805 1721 833 1771 p.
851 1705 886 1757 23
906 1692 969 1762 odo'
988 1695 1026 1757 ύν
1040 1699 1158 1758 τοσόνδ’

92 1766 183 1842 ἤρατο
200 1775 397 1842 exsculpserat,
415 1776 533 1839 equidem
544 1781 696 1852 structuram
707 1782 773 1825 certe
784 1775 943 1827 tolerabilem
952 1778 1085 1829 restituere
1096 1777 1159 1826 mihi

94 1847 164 1909 visus
177 1860 244 1900 sum.
265 1845 436 1895 Schneiderus
445 1846 531 1909 ipsum
540 1854 626 1892 τοσου
638 1833 741 1894 doouo'
759 1833 796 1894 cir
810 1835 900 1912 ἤρατο
915 1848 1019 1898 retinuit
1033 1847 1158 1907 vertitque

92 1921 143 1965 tam
152 1930 265 1980 mapsam
275 1915 375 1964 rabiem
388 1914 519 1976 suscipere
527 1914 651 1977 praescr
667 1927 768 1977 operm
778 1918 938 1975 mlitiosam
955 1924 981 1966 at
998 1914 1062 1965 mihi
1077 1906 1157 1963 δύειυ

93 1984 220 2034 subeundi
242 1983 454 2049 significationem
472 1983 524 2032 nisi
545 1982 717 2046 depressionis
742 1986 768 2034 vi
794 1986 931 2036 accedente
954 1985 1085 2036 admittere
1105 1997 1157 2032 non

92 2053 203 2104 videtur.
230 2078 265 2088 —
290 2054 320 2103 P.
339 2051 390 2104 370
406 2050 426 2101 G
442 2045 491 2100 nul
506 2044 655 2101 Πλειάδων
668 2043 808 2112 σἰυοιυολύς
825 2067 855 2104 τε
870 2048 919 2103 παλ
935 2045 1030 2108 δύσεις
1046 2066 1079 2102 ex
1096 2067 1156 2101 con-

90 2123 191 2187 jectura
206 2127 265 2188 post
279 2111 386 2185 θέρους
401 2121 512 2182 insemi,
533 2136 611 2185 quum
626 2122 705 2189 vulgo
720 2113 861 2180 averroicis
876 2135 906 2172 σε
923 2116 973 2171 sal
988 2113 1083 2178 δύσεις
1097 2129 1156 2185 post

93 2183 227 2256 σελήνης,
246 2184 294 2237 κοιλ
311 2181 461 2238 Πλειάδων
477 2199 537 2256 post
552 2184 649 2250 δισσὰς
663 2193 808 2258 legerentur
822 2207 903 2255 coque
918 2190 986 2241 iacto
1002 2198 1100 2239 mature
1116 2191 1155 2239 vel

93 2261 195 2325 optimis
206 2260 232 2309 in
245 2258 316 2308 libris
327 2255 466 2323 χειμῶνας
477 2275 525 2326 pro
541 2256 678 2326 χειμῶνος
695 2263 773 2312 scribi
786 2268 905 2326 coeptum
921 2266 1002 2320 esset3
1020 2267 1046 2308 at
1062 2259 1155 2307 hiemis

92 2330 247 2390 aestatisque
267 2328 420 2379 mentionem
444 2330 478 2379 ad
497 2323 606 2396 τροπὰς
626 2321 722 2388 δισσὰς
744 2336 858 2396 spectare
870 2341 922 2379 non
939 2329 1037 2391 minus,
1054 2329 1154 2393 opinor,

92 2397 256 2447 manifestum
271 2404 323 2459 est,
341 2413 417 2461 qnam
431 2407 501 2449 ortus
518 2415 673 2464 occasusque
687 2395 747 2465 po'st
762 2399 823 2448 solis
841 2403 866 2446 et
880 2397 956 2446 lunae
971 2412 1060 2447 cursus
1075 2398 1155 2448 abuu-

92 2465 167 2526 dare;
185 2465 359 2532 Vergiliarum
376 2475 463 2519 contra
481 2477 551 2520 ortus
571 2483 725 2530 occasusque
739 2467 799 2516 inde
813 2466 846 2514 ab
857 2464 967 2516 Hesiodo
977 2459 1007 2531 ἕο
1025 2465 1095 2518 .383
1113 2465 1154 2515 his

91 2536 155 2585 isis
172 2535 247 2584 astris
262 2536 316 2586 lere
335 2540 572 2605 aequiparabuntur.
607 2538 724 2587 Poteram
743 2535 831 2596 utique
849 2533 927 2583 etiam
942 2530 991 2585 ιιοιλ
1034 2526 1154 2584 latoidae

92 2595 232 2661 ανατολάς
254 2601 349 2656 τεκαὶ
366 2599 462 2665 δύσεις
483 2603 620 2672 χειμῶνος
643 2598 693 2652 παλ
714 2594 820 2667 θέρους
838 2590 925 2668 ὅρους
943 2606 1066 2663 scribere,
1092 2617 1153 2664 quo-

91 2689 148 2724 rum
163 2679 304 2727 extremum
311 2678 538 2727 Winclrelmannus
554 2674 648 2732 suasit,
667 2672 741 2735 quia,
760 2679 788 2722 ut
796 2671 893 2730 Plinius
902 2676 938 2724 ait
949 2674 980 2724 N.
988 2674 1051 2722 illst.
1062 2672 1152 2721 XVHI.

91 2742 140 2803 69,
158 2744 331 2809 Vergiliarum
347 2754 435 2797 exortu
454 2751 537 2796 aestas
555 2742 659 2806 incipit,
688 2756 780 2792 occasu
805 2741 902 2801 hicms;
930 2750 956 2792 at
978 2743 1054 2790 etiam
1076 2740 1154 2789 missa

91 2812 257 2864 additamenti
272 2814 378 2866 audacia
393 2813 522 2863 chiasmns
541 2809 705 2876 displicebat,
723 2827 773 2875 quo
788 2800 1085 2874 demulcentesque,
1104 2801 1154 2857 δύ-

91 2893 148 2938 σεις
164 2882 198 2932 ad
212 2882 336 2949 χειμῶνα
353 2882 443 2932 referri
457 2894 562 2929 necesse
578 2879 678 2935 luisset.
695 2908 730 2919 -
747 2882 776 2931 P.
795 2879 848 2932 370
860 2881 881 2929 Ε
895 2867 1086 2944 adpretiata,
1104 2873 1154 2927 aori

89 2941 178 3000 πύλαι
190 2951 262 3014 libri;
278 2953 346 3016 quod
364 2960 450 3001 tamen
465 2948 548 2997 dicere
564 2948 609 2998 vix
625 2958 737 3014 poteret,
752 2951 795 3013 qui
813 2950 847 2998 ad
863 2948 1019 3010 hanousqne
1035 2948 1154 3010 colloquii

89 3028 187 3085 partem
203 3024 235 3072 ab
255 3022 323 3072 omni
337 3015 515 3084 philosophiae
533 3015 625 3068 solatio
638 3019 826 3078 abhorruisset;
841 3031 909 3068 nunc
924 3019 981 3082 ipsa
998 3017 1154 3082 poenitentia

90 3089 124 3140 ad
141 3090 272 3141 meliorem
291 3089 393 3152 lrugem
408 3101 531 3136 conversa
547 3088 698 3140 declaratur.
720 3114 752 3127 -
770 3088 800 3138 P.
812 3086 863 3138 371
881 3087 902 3136 Ε
919 3083 1007 3152 δῖψος
1022 3087 1051 3147 Ρ,
1066 3082 1153 3149 δίψος

88 3158 188 3220 VBST3
204 3160 239 3209 cf.
258 3155 406 3206 Schneider.
426 3156 458 3206 ad
476 3154 610 3222 Rempnbl.
630 3158 660 3208 T.
680 3158 700 3207 1.
724 3171 751 3221 p.
770 3156 831 3209 408.

157 3227 226 3277 Haec
243 3226 366 3275 hactenns
380 3225 504 3291 deprime
521 3225 661 3277 voluminis
678 3234 764 3292 parte3
783 3226 869 3292 altera,
884 3227 958 3291 cujus
972 3224 1099 3289 sexnplex
1113 3239 1153 3273 ar-

89 3302 238 3362 gumentum
256 3300 305 3355 est,
329 3295 402 3358 quasi
419 3295 524 3345 totidem
538 3295 709 3362 praefationes
724 3296 851 3360 postulat,
875 3310 940 3359 quae
965 3296 1014 3344 etei
1037 3293 1153 3358 pluribus

76 3364 257 3417 requirerem
272 3363 435 3430 singulorum
453 3364 597 3416 libellorum
610 3366 734 3431 originem
752 3374 778 3415 et
792 3364 904 3415 indolem
914 3378 965 3413 non
977 3370 1094 3428 possunt,
1112 3375 1153 3410 ra-

61 3421 152 3467 tiones
166 3432 256 3478 temen
274 3439 301 3480 et
320 3432 510 3502 medementa,
533 3435 629 3501 quibus
650 3435 853 3501 uniuscuiusque
871 3434 984 3483 recensio
998 3432 1099 3494 nititur,
1122 3443 1167 3480 eo*
