2408 3764
63 190 100 249 ης
425 174 696 235 mmm.
1004 171 1066 238 167

61 367 138 419 πους
152 336 315 446 όνθρωπόν
328 365 396 405 τινα
409 343 546 500 νοεῖσθαι
558 335 610 400 καί
607 330 704 437 παρῦ
718 331 831 411 πάντας
846 336 956 411 ἵππους
965 338 1067 440 ΐππορ,

63 428 117 492 καί
136 432 245 502 κοινοῖς
266 419 347 507 παρά
368 418 487 500 τῦζωα
443 426 576 498 ωαζάον
501 411 741 502 ζύγίνητον
760 419 812 483 καὶ
835 414 1032 524 όφθαρτον,
1033 414 1069 487 δν

61 507 172 613 τρόπον
186 513 350 613 σφραγῖδος
369 513 440 589 μιῦς
459 505 599 593 ἐκμαγεῖα
619 507 732 606 γίνεται
753 497 848 567 πολλά
863 506 914 568 καί
935 498 1032 581 ἑνός’
1014 532 1067 610 αρ·

62 589 173 680 δρδς’
146 592 255 670 εικόνες
269 596 361 677 μυρία
361 618 372 655 ι
329 591 436 657 ίαέπί
449 587 576 672 μυρίαις,
569 593 705 691 ,της
663 586 745 662 ἰδίας
763 581 862 690 οῦσης
866 584 992 665 αἰτίας’
974 586 1075 674 αρχὴν,

61 704 114 782 τρυ
101 675 208 743 εἶναι
222 678 347 742 ἕκαστον
360 679 503 777 τοιοῦτον,
519 668 583 774 οίρν
598 696 675 773 αντη
689 663 848 775 ῦπρργει·
844 663 1007 756 όναγκαῖον
1018 676 1070 738 καὶ

62 758 96 827 τῦ
111 758 268 827 κάλλιστον
283 754 512 838 κατασκεύασμα
525 750 578 819 τδν
593 750 708 862 κόπρον
721 777 780 819 υπο
796 777 848 817 τον
834 760 935 821 θεοῦ
950 761 1068 858 δεδημι-

62 853 233 953 ρυργῆσθαι
246 841 321 930 πρός
335 869 403 909 τινα
415 842 460 907 ἰδέ
459 866 501 942 ριν
512 837 633 947 κόσρου
640 838 870 942 ατραβλόποοπος,
883 837 1070 944 παράδειγμα

61 926 256 1033 ῦπόρχορσαρ
269 931 356 994 τοῦδε
366 933 419 992 τοῦ
433 920 544 1034 κόσμορ
559 949 598 1030 ερς
612 918 652 988 άν
662 915 948 1025 άπεικονισμίνορ’
927 949 988 1026 ριπ
971 918 1069 989 ’ἐκ-εί

60 1040 125 1119 νηρ,
140 1008 215 1099 πρὸς
228 1009 272 1117 ἣν
282 1006 542 1113 όφομοιωθίνρδτ
524 1005 584 1074 νπδ
600 1033 653 1111 ρον
640 1012 853 1095 δημιουργοῦ
868 1000 960 1073 αύτδν
970 1000 1071 1110 άορειρ-

61 1099 180 1204 γόσθριι
200 1095 276 1161 κατά
295 1089 538 1201 θαυμαριοτάτην
551 1089 701 1198 πρόνοιαρ
720 1094 773 1157 καί
797 1094 914 1157 δίαιταν
933 1088 1073 1198 ἕλθόρτος

61 1182 153 1288 ἕιρί
124 1208 158 1247 το
138 1177 405 1285 δημιουργεῖν
377 1204 430 1244 τον
441 1173 580 1283 κόσμον,
580 1174 657 1243 διότι
664 1170 788 1281 άγαθδς
801 1165 849 1261 ἦν.
866 1177 966 1261 ἕκτης
973 1173 1073 1261 πόσης

63 1257 121 1331 ούν
135 1262 208 1347 ῦλης
227 1289 322 1329 αυτον
336 1256 599 1365 33⁹1W⁰¹¹W⁸⁶05⁹
615 1254 751 1338 άτόκτως
772 1263 825 1327 καί
813 1268 1012 1365 πλημμελῶς
1026 1289 1072 1327 κι-

60 1350 258 1454 νουμόνην
232 1342 290 1432 πρδ
305 1353 362 1451 τῆς
384 1340 515 1449 ούρρνου
501 1347 672 1449 γερέσεως
687 1347 787 1430 ἕντῆς
803 1338 1072 1451 όταξίαςπαραλα

60 1426 127 1517 βίον
139 1456 213 1536 προς
225 1430 282 1536 τὴν
296 1425 456 1536 όρίστην”
433 1453 527 1538 ηγαγε
537 1427 630 1534 τάξιν,
641 1423 786 1517 άρνθμοῖς
795 1427 983 1535 πρέπουσι
950 1458 989 1497 τα
997 1433 1072 1516 μέρη

60 1513 212 1600 κοσμησας
233 1509 326 1581 αύτου
313 1515 392 1618 κριδ
406 1515 566 1621 σχήμασιν,
591 1510 663 1581 ὥστε
679 1510 869 1601 διακρῖναι“
852 1540 931 1592 οπως
944 1522 1002 1581 νῦν
1015 1518 1046 1599 ἔγ
1047 1541 1072 1580 ει

59 1607 123 1711 πῦρ
137 1625 168 1665 τε
182 1601 233 1664 καί
246 1607 300 1702 γῆ
312 1593 386 1686 πρὸς
405 1595 482 1705 όέρα
496 1623 527 1663 τε
540 1600 591 1664 καί
603 1594 701 1685 ύδωρ,
722 1601 794 1706 ἴχνη
816 1601 915 1703 μδρτί
883 1626 954 1677 τως
969 1603 1072 1683 ἔχοντα

60 1687 113 1751 και
134 1679 167 1749 τὸ
188 1678 324 1751 δεκτικόν
345 1691 397 1769 τῆς
416 1692 476 1791 τρῦν
486 1687 639 1788 στοιχείων
652 1682 823 1789 δυνόμεορρ,
846 1677 960 1784 όλόγρος
974 1686 1007 1749 δὲ
1021 1687 1072 1748 καὶ

61 1762 196 1874 όμότρως
215 1765 331 1834 σείοντά
355 1794 387 1835 τε
408 1795 464 1854 την
482 1764 559 1871 ῦλην
584 1763 730 1872 καὶπρὸς
743 1766 851 1850 ταύτης
871 1765 1014 1848 σειόμενα.
1042 1770 1071 1846 ἒξ

62 1849 234 1921 ίκόστου
200 1880 262 1958 γαρ
269 1850 341 1918 ολου
356 1861 415 1919 τοῖν
434 1849 579 1959 τεττάρων
597 1877 688 1919 αυτον
684 1859 846 1957 στοιχείων
857 1853 1001 1934 ἐγέννησε,
1015 1875 1071 1917 πυ-

64 1934 113 2042 ρός
127 1962 158 2002 τε
171 1933 282 2014 παντὸς
300 1939 405 2002 καί
366 1965 421 2042 γης
440 1934 549 2013 ῦδατός
562 1960 592 2002 τε
607 1963 658 2002 και
648 1930 769 2047 άίρος,
785 1929 925 2001 ούδδν’
887 1960 974 2042 μερος
988 1929 1071 2001 οῦδε-

61 2017 113 2098 νδς
128 2015 283 2125 όπολιποδρ
297 2016 367 2086 οῦδὲ
380 2019 518 2105 δύναμιν,
534 2023 707 2123 διανοηθεὶς
719 2027 837 2127 πρῦτρν
846 2018 931 2103 μδν’
914 2046 959 2087 οτι
957 2042 1071 2127 σωμα-

62 2107 170 2182 τοειδδς
183 2100 240 2254 ρρὴ
248 2101 281 2169 τὸ
284 2101 450 2209 γενόμενορ
464 2103 540 2170 εἶναι
551 2101 655 2169 καί
612 2129 730 2211 παντρος
743 2100 839 2171 όπτόν
848 2131 879 2170 τε
893 2101 967 2171 καί
954 2103 1069 2209 ορατόν,

61 2192 151 2298 ρωρὶς
165 2191 198 2254 δ
218 2184 330 2294 πνρδς
332 2190 442 2253 καί
377 2216 457 2291 γης
472 2183 526 2292 οῦχ
540 2185 605 2253 οἷόν
618 2214 649 2255 τε
662 2188 729 2256 ούτε
741 2185 860 2295 δρατρῖν
871 2216 900 2253 τι
914 2187 1042 2255 εἶναι”
1006 2214 1072 2292 ουρε

61 2297 173 2338 απτον·
198 2270 273 2336 κατὰ
296 2267 384 2356 δὴ
355 2298 409 2338 τον
430 2268 530 2340 εἰκότα
551 2269 642 2358 λόγον
662 2276 695 2378 ἐρ
714 2302 753 2359 γη
741 2281 770 2351 ’ς
792 2267 885 2339 αύτδν
907 2277 958 2340 καὶ
978 2268 1072 2358 πυρῦς

61 2359 213 2436 ἐποίησεν·
240 2357 302 2421 ἐπεί
316 2359 349 2422 δὲ
362 2360 414 2423 καί
428 2353 537 2441 δεσμδν
552 2361 611 2424 ἔδει
624 2353 693 2465 τρυά
706 2353 883 2466 συναγωγὸν
896 2353 1072 2509 όρφοτίρορν

63 2443 98 2506 ἐν
115 2440 205 2542 μέσρο
208 2441 357 2545 γενέσθαι,
371 2451 456 2520 θεῖος
470 2445 503 2509 δὲ
517 2439 648 2526 δεσμδς“
636 2469 653 2509 ο
666 2450 718 2551 της
733 2438 937 2549 άναίογίας,’“
918 2470 967 2548 ος
968 2441 1073 2551 ἕαυτόρ

33 2575 35 2579 r
61 2550 92 2590 τε
106 2517 205 2588 καί
173 2548 211 2587 τα
230 2523 413 2632 συνδρύμενα
427 2529 561 2633 πέφυκεν
570 2533 607 2594 δν
619 2537 723 2608 ποιεῖν,
739 2525 875 2606 ἐπίπεδός
888 2555 919 2594 τε
933 2522 989 2595 ούκ
1003 2557 1052 2633 ην
1055 2555 1072 2595 ο

62 2605 173 2690 κόσμος
186 2644 230 2657 -
249 2601 361 2692 σἰπὲχρη
374 2605 432 2712 γάρ
452 2609 491 2677 δυ
507 2606 589 2714 αύτρῖ
609 2618 662 2695 μία
684 2610 861 2696 μεσότης-
858 2609 1073 2720 σφαιροειδὴς

63 2695 138 2797 δέ,
129 2696 215 2757 δυοῖν
230 2687 398 2774 ἔδίησεν’
361 2702 442 2779 αυτρῖ
455 2692 621 2802 μεσοτήτων
640 2700 681 2773 είς
694 2718 901 2781 συναρμογην
923 2696 974 2761 διδ
987 2705 1073 2763 τοῦτο
1106 2692 1115 2711 ”

63 2770 158 2882 ρνρδς
173 2777 206 2840 ἐν
218 2777 299 2882 μέσρρ
315 2777 419 2841 καί
380 2803 435 2883 γρς
449 2776 508 2882 άήρ
522 2804 552 2844 τε
571 2782 624 2844 καί
635 2777 718 2884 5555
730 2783 851 2886 ἐτάχθη
866 2776 942 2845 κατὰ
957 2776 1009 2846 τδν
1022 2787 1074 2864 τῆς

64 2856 223 2964 ἀναλογίας
244 2857 371 2966 τρόπον
395 2861 466 2929 ῦστε
480 2889 520 2939 ως
534 2865 591 2946 ἔχει
609 2870 670 2967 πῦρ
684 2859 758 2948 πρδς
772 2861 861 2972 άίρα,
884 2861 977 2942 οῦτως
998 2868 1073 2971 ἔρειν

65 2939 140 3031 όίρα
154 2970 185 3010 τε
199 2939 274 3030 πρὸς
295 2942 378 3053 ῦδωρ
398 2949 449 3012 καί
469 2952 555 3013 τοῦτο
576 2941 651 3033 πρός
669 2954 745 3033 γῆν
741 2952 792 3015 καί
806 2945 967 3024 ἀνάπαλιν.
986 2977 1027 3040 τρο
1014 2951 1075 3016 δὲ

65 3031 285 3218 {5555
295 3026 944 3228 5555555555552555
957 3015 1074 3227 555}

66 3196 178 3274 τούτοις
201 3194 313 3264 όνοσον
327 3195 417 3304 κρί’
399 3200 525 3306 αγήρρο,
535 3201 586 3268 ότε
599 3196 679 3291 αύτρο
666 3200 1006 3313 μηδενδςπροσιόντος
1020 3214 1073 3271 τοῦ

66 3287 219 3367 κηραίνειν
239 3307 420 3392 πεφνκρτος,
449 3280 611 3392 αύτόριιη
595 3313 625 3353 τε
640 3290 692 3353 καὶ
708 3283 828 3367 οῦδενδς
847 3293 959 3369 ἔξωθεν
974 3290 1085 3397 δεόμε-’

66 3390 136 3433 κον·
159 3365 300 3450 σχῆμαδ’
317 3364 398 3456 αύτρο
385 3367 615 3456 περιίθηκετῦ
631 3377 829 3460 σφαιροετδίς,
851 3371 1072 3460 εὐμορφότατον

10 3470 93 3558 Ι,
