2408 3764
451 160 681 230 ΑΞΙΟΧΟΣ.
881 187 891 209 f
1019 166 1081 233 141

156 333 192 396 X.
215 332 290 396 ΣΩ.
311 304 500 403 Σννάπτεις
514 324 591 409 γάρ,
610 316 638 391 ἀ
663 322 793 412 Ἀξίοχε,
813 324 1081 413 ἀνεπιλογίστως,

68 436 112 516 τη*
132 425 282 513 στερήσει
305 431 375 493 τοῖν
393 421 532 508 ἀγαθιόν
552 419 759 506 ἀντεισάγειν
779 433 894 495 κακόν
909 435 1079 514 αἴσθησιν,

70 520 336 610 ἐκλαθόμενος”
317 548 368 590 οτι
388 523 561 606 τέθνηκας.
601 528 702 587 λυπεῖ
718 520 783 609 γάρ
801 520 863 592 τόν
880 523 1083 610 στερόμενον
1097 539 1150 596 370

68 651 139 692 των
154 619 327 707 ἀγαθωυή
344 619 543 688 αντιπαθεια
552 644 622 687 των
631 643 772 739 κανων,
771 615 790 686 ὁ
808 618 840 686 δ’
856 619 918 689 οὐκ
938 616 987 690 ἀν
1003 619 1081 692 οὐδὲ

68 728 128 809 τής
138 719 322 807 στερήσεως
333 715 625 802 ἀντιλαμβάνεται·
649 723 719 794 ποῦς
730 708 793 783 οὖν
804 719 856 784 ἐπί
866 726 911 807 τῷ
922 744 967 806 μη
956 717 1082 807 παρέ-

70 828 162 903 ξοντι
171 826 299 904 γνῶσιν
312 824 381 883 ταῖν
395 814 617 900 λυπησόντων
632 808 793 900 γένοιτ’”
770 838 814 880 αν
824 840 845 898 η
832 787 963 901 ’λάπης
976 815 1082 904 ἀρχήν

68 919 146 1004 γάρ,
166 910 193 984 ἀ
212 914 342 999 Ἀξίοχε,
360 939 404 998 μη
394 906 764 997 συνυποτιθέμενος“
746 917 839 996 αμοῖς
859 914 899 995 γε’
916 935 985 990 πως
1002 922 1081 999 μίαν

67 1024 239 1099 αἴσθησιν,
252 1008 335 1078 κατά
346 1010 383 1077 τό
395 1007 629 1096 ἀνεπιστῆμον,
643 1005 705 1076 οὐκ
712 1008 757 1076 ἀν
767 1032 846 1077 ποτε
859 1010 1054 1094 πτυρείης
1022 1037 1081 1078 τον

66 1114 235 1181 θάνατον·
270 1117 337 1176 νῦν
358 1112 394 1175 δὲ
416 1110 620 1195 περιτρέπεις
643 1106 803 1192 σεαυτόν,
826 1107 1082 1193 ἀειματοάμενος

68 1206 292 1293 στερήσεσθαι
303 1214 360 1294 τῆς
370 1215 487 1293 ψυχῆς,
500 1232 540 1294 τη
526 1207 589 1275 δὲ
597 1207 749 1293 στερήσει
765 1209 945 1293 περιτιθείς
961 1206 1081 1293 ψυχήν,

67 1308 125 1374 καὶ
135 1305 314 1393 ταρβεῑςμέ
316 1331 337 1372 ν
346 1303 382 1373 τό
397 1306 442 1391 μή
454 1331 475 1370 α
477 1304 690 1391 ίσθήσεσθαι,
706 1306 959 1423 καταλήψεσθαι
969 1304 1007 1373 δὲ
1021 1314 1083 1373 οἴει

67 1428 132 1488 την
143 1429 205 1472 ουκ
223 1406 387 1490 ἐσομένην
405 1411 565 1488 αἴσθησιν
579 1402 748 1488 αἰσθήσει·
771 1403 855 1487 πρὸς
869 1412 917 1494 τῷ
935 1401 1081 1483 πολλονς
1098 1415 1117 1465 Β

66 1502 122 1568 καί
140 1500 263 1580 καλοὺς
280 1500 364 1570 εἶναι
381 1499 502 1586 λόγους
517 1501 593 1584 περί
613 1508 672 1586 τῆς
685 1499 872 1581 ἀθανασίας
889 1510 947 1589 τῆς
963 1509 1111 1588 ψυχῆς.

66 1597 109 1667 οά
119 1596 186 1684 γάρ
198 1597 238 1684 δή
252 1598 362 1686 θνητή
374 1624 412 1684 γε
422 1598 525 1684 φυσις
541 1590 672 1666 *οὖσα*
689 1595 867 1666 τοσόνδ”“
844 1626 888 1666 αν
899 1597 1003 1685 ήρατο
1021 1626 1080 1686 με·
1180 1670 1191 1692 ,

65 1704 279 1784 γεθουργίας,
294 1696 378 1765 ι’όστε
389 1705 642 1784 καταφρονῆσαι
653 1696 713 1782 μὲν
722 1695 1002 1783 ὑπερβαλλόντων
1013 1707 1080 1784 θη-

67 1804 149 1882 ρίων
154 1805 239 1885 βίας,
247 1799 555 1883 διαπεραιοόσασθαι
564 1798 600 1866 δὲ
612 1797 747 1884 πελάγη,
757 1802 935 1883 δείμασθαι
942 1796 978 1864 δὲ
986 1795 1079 1882 ἀστη,

65 1896 340 1982 καταστήσασθαι
354 1896 390 1964 δὲ
401 1903 577 1982 πολιτείας,
590 1894 777 1983 ἀναβλέψαι
789 1895 825 1964 δὲ
837 1901 883 1974 είς
898 1893 959 1963 τόν
974 1892 1079 1981 οὐρα-

65 1993 129 2062 νόν
140 1996 195 2063 καὶ
206 2000 290 2062 ίδεῑν
301 1994 486 2081 περιφοράς
497 1995 630 2080 ἀστρων
640 1997 695 2062 καὶ
707 1995 853 2080 δρόμους
863 1991 961 2080 ήλίου
971 2019 1006 2061 τε
1023 1996 1078 2062 καὶ

66 2092 206 2179 σελήνης
217 2096 376 2172 ἐκλείψεις
387 2120 423 2160 τε
440 2096 495 2161 καὶ
511 2099 640 2178 ταχείας
656 2091 947 2176 ἀποκαταστάσεις,
965 2097 1078 2178 ίσημε-

67 2195 140 2272 ρίας
148 2215 182 2255 τε
194 2192 249 2256 καί
260 2187 386 2271 τροπάς
400 2188 509 2268 διττάς
523 2194 683 2275 χειμῶνος
693 2191 749 2256 καί
765 2193 889 2276 θέρους
899 2191 956 2256 καί
966 2188 1075 2256 πλειά·
1095 2206 1112 2255 c

66 2291 136 2352 βων
152 2285 317 2366 ἀνατολάς
337 2314 372 2356 τε
394 2289 450 2356 καί
470 2287 583 2367 δόσεις
604 2285 746 2374 ἀνέμους
762 2313 798 2354 τε
815 2289 870 2354 καὶ
886 2287 1078 2374 καταφοράς

66 2379 204 2467 ὄμβρων
221 2385 276 2451 καὶ
297 2387 495 2472 πρηστήρων
517 2389 679 2467 ἐξαισίους
699 2385 858 2472 συρμοάς,
881 2386 937 2453 καί
952 2385 995 2453 τόι
1016 2393 1079 2454 τοῦ

65 2480 197 2565 κόσμου
207 2481 389 2568 παθήματα
399 2485 658 2573 παραπήξασθαι
675 2482 760 2573 πρὸς
776 2484 837 2551 τὸν
853 2489 968 2569 αἰῶνα,
986 2489 1016 2552 εί
1031 2483 1077 2570 μή

64 2603 97 2645 τι
107 2586 205 2644 θεῖον
217 2575 321 2656 ὅντως
331 2583 411 2667 ἐνῆν
422 2581 553 2670 πνεῦμα
563 2590 605 2671 τῇ
616 2592 715 2671 ψυχή,
729 2580 772 2650 δι’
785 2575 829 2651 οὗ
838 2580 901 2669 τήν
912 2590 981 2650 των
991 2591 1076 2667 τηλι·

65 2678 175 2742 κώνθε
191 2679 270 2761 περί
267 2699 364 2744 νοιαν
376 2680 431 2746 καί
441 2688 568 2765 γνῶσιν
584 2686 686 2767 ἔσχεν.

150 2778 199 2840 ΧΙ.
216 2771 315 2840 Ώστε
328 2771 389 2841 οὐκ
401 2783 447 2855 είς
457 2778 608 2845 θάνατον
619 2777 695 2847 ἀλλ’
715 2784 760 2857 είς
774 2776 965 2844 ἀθανασίαν
976 2801 1076 2862 μετα-

65 2877 188 2958 βαλεῖς,
205 2896 231 2938 ω
220 2863 309 2952 Ἀξί
306 2898 372 2959 οχε,
388 2871 467 2941 οὐδὲ
481 2871 658 2959 ἀφαίρεσιν
669 2879 749 2954 ἕξεις
759 2881 828 2941 τῶν
839 2870 990 2959 ἀγαθοῖν,
1005 2871 1073 2942 ἀλλ’

66 2967 397 3054 είλικρινεστέραν
361 2998 424 3060 την
439 2969 635 3058 ἀπόλαυσιν,
650 2970 730 3040 οὐδὲ
746 2977 944 3060 μεμιγμένας
959 2979 1076 3062 θνητῷ
1134 3030 1136 3035 .

66 3069 192 3155 σωματι
201 3096 261 3149 τας
278 3067 412 3191 ήδονάς,
435 3069 508 3141 ἀλλ
523 3068 688 3159 ἀκράτους
708 3071 849 3141 ἀπασῶν
864 3068 1068 3158 ἀλγηδόνων.
1089 3084 1108 3133 1)

65 3170 168 3236 ἐκεῖσε
188 3166 253 3255 γάρ
275 3165 383 3254 ἀφίξει
396 3160 568 3257 μονωθεὶς
585 3174 621 3241 ἐκ
638 3177 738 3295 τήσβε
754 3177 812 3259 τής
830 3175 968 3290 είρκτής,
988 3177 1073 3239 ἔνθα

65 3265 175 3335 άπονα
189 3267 297 3336 πάντα
309 3269 397 3339 κάλ’
378 3273 573 3341 αστένακτα·
570 3270 668 3341 ¹'noel
648 3271 807 3360 αγήρατα,
819 3268 961 3357 γαληνός
972 3270 1011 3337 δέ
1025 3293 1073 3347 τις
