2408 3764
368 136 721 259 ’συνενόσει-η’.
1027 172 1080 245 57·

40 366 42 370 ·
60 343 255 433 Ἱππαρίνου
265 345 326 414 έπὶ
347 349 494 433 σωτηρίη
506 347 674 420 1Σικελίας
693 343 889 415 παύσασθαι
912 348 981 410 τῶν
1001 349 1070 410 νῦν
1103 388 1108 399 ·

65 443 380 531 παρόντων-κακόν,
392 441 489 529 τιμὰς
500 436 614 518 αὑτοῖς
625 440 681 506 καὶ
692 444 781 525 μένει
792 444 954 532 λαβόντες
969 451 1016 523 είς
1031 468 1069 512 τε

65 539 127 608 τδν
148 545 262 610 ἔπειτα
285 538 523 610 καὶτὸν-νύν.
534 537 677 625 χρόνον,
702 539 755 605 ἐπὶ
775 541 907 623 τούτοις
928 550 1070 630 καλεῖτε,

66 636 179 728 ὥσπερ
190 643 246 709 καὶ
257 640 425 728 πρότερον
436 635 578 726 ἐρρήθη,
591 638 746 721 πρέσβεις
756 634 816 717 οδς
827 636 870 706 διν
882 640 1071 728 ἐθελήσωσι

65 743 206 827 κυρίους
216 740 437 825 ποιησάμενοι
448 741 518 802 τοῖν
528 738 730 818 διαλλαγῶν,
743 740 809 799 εἴτε
818 734 911 817 τινὰς
921 736 1071 808 αύτόθεν

66 844 133 904 είτε
149 840 279 918 ἔξωθεν
297 844 364 903 εἴτε
381 832 568 919 ἀμφότερα,
586 833 642 898 καί
663 828 812 910 ὁπόσους
829 827 872 898 άν
893 836 1083 924 συγχωρή..

66 954 165 1004 σωσι·
191 934 335 1012 τούτους
354 928 387 998 δ’
407 928 570 1009 ἐλθόντας
587 928 715 1016 νόμους
733 929 796 1015 μὲν
812 934 947 1016 πρῶτον
957 944 1069 1003 θεῖναι
1086 953 1109 1004 1)

65 1035 124 1102 καὶ
140 1036 313 1101 πολιτείαν
332 1026 502 1114 τοιαύτην,
520 1030 558 1094 έν
573 1017 596 1115 ή
612 1027 770 1114 βασιλέας
786 1022 942 1114 ἁρμόττει
959 1035 1073 1115 γίγνε-

66 1142 151 1200 σθαι
163 1134 304 1216 κυρίους
314 1130 415 1214 ἱεράν
424 1151 460 1195 τε
471 1127 527 1194 καὶ
537 1122 630 1193 ὅσων
641 1124 754 1195 άλλαν
764 1129 885 1215 πρέπει
895 1139 964 1207 τοίς
974 1153 1074 1214 γενο-

67 1233 182 1316 μένοις
199 1228 285 1295 ποτεΙ
295 1223 492 1313 εὐεργέταις,
504 1227 653 1311 πολέμου
668 1224 706 1292 δὲ
722 1226 779 1293 καὶ
799 1225 933 1314 είρήνης
947 1225 1074 1316 άρχον-

68 1324 385 1412 ταςυομοφύλακας
405 1324 614 1410 ποιήσασθαι
642 1322 792 1412 άριθμόν
814 1327 995 1415 τριάκοντα
1016 1330 1087 1397 καὶ.

68 1429 167 1494 πέντε
181 1426 263 1514 μετά
276 1449 312 1493 τε
334 1425 445 1512 δήμου
467 1426 524 1493 καὶ
544 1431 679 1513 βουλής.
710 1426 909 1515 δικαστήρια
929 1427 967 1496 δὲ
987 1428 1073 1498 άλλα

65 1523 127 1611 μὲν
149 1523 279 1612 ἄλλων,
302 1522 455 1591 θανάτου
479 1525 516 1593 δὲ
537 1521 593 1593 καὶ
616 1531 727 1611 φυγής
749 1526 829 1606 τούς
845 1551 881 1594 τε
899 1529 997 1596 πέντε
1016 1531 1071 1596 καί

65 1625 247 1711 τριάκοντα
258 1620 439 1711 ὑπάρχειν·
457 1623 543 1711 πρὸς
560 1623 693 1704 τούτοις
711 1650 747 1692 τε
763 1625 939 1706 ἐκλεκτούς
956 1634 1071 1712 γίγνε-

66 1733 148 1791 σθαι
166 1721 324 1802 δικαστάς
340 1723 377 1789 έκ
397 1727 467 1789 τοῖν
485 1727 573 1806 [νῦν]
597 1719 648 1789 ἀεὶ
670 1728 864 1810 περυσινῶν
885 1720 1069 1812 ἀρχόντων,
1159 1764 1164 1773 ·

65 1821 125 1889 ἕνα
135 1818 197 1908 ἀφ’
212 1821 351 1905 ἑκάστης
361 1826 420 1906 τής
431 1816 535 1908 άρχής
545 1817 606 1889 τόν
618 1817 757 1907 άριστον
769 1818 903 1901 δόξαντ’
918 1818 1070 1890 εἶναικαὶ
1087 1830 1108 1881 Ε

67 1920 293 1991 δικαιότατον·
315 1921 459 2000 τούτους
471 1922 509 1987 δέ
520 1917 581 1988 τόν
592 1921 731 1988 ἐπιόντα
750 1919 908 1988 ένιαυτὸν
925 1920 1071 2002 δικάζειν

66 2018 128 2090 ὅσα
138 2020 292 2090 θανάτου
303 2021 359 2086 καὶ
371 2023 499 2106 δεσμοῦ
515 2021 572 2087 καὶ
585 2017 815 2105 μεταστάσεως
825 2024 894 2087 τόν
906 2025 1054 2088 πολιτιόν
1062 2034 1075 2062 ·’

66 2122 203 2206 βασιλέα
213 2119 250 2187 δὲ
263 2125 333 2187 τῶν
344 2119 509 2187 τοιούτων
520 2125 627 2188 δικάν
638 2117 683 2207 μή
701 2123 821 2201 ἐξεῖναι
840 2118 1001 2211 δικαστήν
1018 2125 1071 2205 γί-

65 2229 219 2304 γνεσθαι,
232 2211 387 2302 καθάπερ
404 2219 494 2307 ίερέα
504 2217 616 2305 φόνου
628 2219 864 2306 καθαρεύοντα
876 2221 932 2287 καί
943 2223 1071 2305 δεσμοῦ
1086 2229 1139 2285 357

65 2319 121 2384 καί
135 2321 264 2401 φυηής.’
283 2314 388 2386 ταῦθ’Δ
409 2314 493 2406 ύμῖν
509 2317 573 2404 ἐμοὶ
597 2319 660 2388 καί
671 2323 738 2400 ζεῖν
756 2316 942 2408 διενοήθην
958 2323 1071 2406 γίγνε-

65 2423 148 2482 σθαι
161 2416 268 2481 καὶ
225 2440 291 2482 νυν
303 2420 515 2506 διανοοῦμαι,
526 2416 633 2486 καί’
594 2442 668 2486 τοτε
679 2417 846 2504 κρατήσας
856 2423 925 2486 τάν
936 2419 1071 2507 ἐχθράν

67 2509 148 2599 μεθ’
168 2508 325 2598 &admi
341 2541 386 2601 μη
374 2515 529 2597 ξενικαὶ
534 2518 667 2606 έριυαες
683 2518 868 2607 έκάλυσαν,
886 2520 1071 2606 κατέστησα
1100 2557 1105 2568 ·

67 2640 109 2680 αυ
119 2602 206 2700 ηπερ
218 2612 273 2677 καὶ
284 2613 500 2704 διενοούμην,
507 2619 569 2684 καὶ
574 2642 656 2703 μετα
665 2642 771 2686 ταυτα
781 2615 975 2686 Σικελίαν
954 2645 997 2685 αν
1008 2643 1071 2703 την

68 2708 183 2796 άλληυ,
193 2716 300 2828 είπερ
303 2711 395 2795 ἔργα
393 2711 451 2778 έπὶ
467 2740 527 2803 νῳ
503 2717 696 2804 ἐγίγνετο,
714 2718 893 2807 κατῴκισα,
911 2714 992 2794 τούς
1008 2713 1071 2800 μὲν

68 2803 300 2896 βαρβάρους
277 2802 321 2891 ήυ
338 2812 417 2875 νύν
428 2780 562 2894 ἒχούσιν
582 2812 800 2900 ἀφελόμενος,
818 2809 893 2880 ὅσοι
916 2839 962 2898 μη
950 2809 1070 2898 ὑπὲρ

68 2913 124 2992 τῆς
145 2910 262 2992 κοινῆς
283 2907 480 2996 ἐλευθερίας
497 2911 740 2998 διεπολέμησαν
762 2906 846 2997 πρὸς
861 2906 924 2996 τήν
945 2935 1071 3030 τυραν-

67 3009 154 3091 νίδα,
166 3000 246 3082 τούς
257 3001 290 3070 δ’·
305 3008 500 3095 ἔμπροσθεν
511 3008 702 3094 οίκητδις””
655 3034 724 3076 των
736 3005 940 3095 Ἐλληνικαν
955 3008 1070 3077 τόπων
1086 3018 1107 3071 Β

69 3109 114 3184 είς
125 3101 183 3182 τὰς
195 3099 333 3194 ἀρχαίας
342 3106 400 3172 καὶ
413 3104 569 3197 πατρῴας
580 3107 726 3194 οἰκήσεις
738 3112 943 3189 κατοικίσας·
964 3104 1071 3175 ταύτὰ

68 3200 220 3267 δὲταῦτα
235 3203 291 3266 καί
307 3206 471 3270 νῦυιπάσι
489 3205 713 3292 συμβουλεύω
731 3209 1092 3295 κοινήδιανοηθήυαιΙ

68 3303 122 3368 καὶ
137 3297 295 3384 πράττειν
304 3324 341 3366 τε
352 3302 408 3368 καί
423 3311 629 3389 παρακαλεῖν
647 3305 706 3372 ἐπὶ.
717 3304 840 3385 ταύτας
859 3304 918 3385 τὰς
935 3278 1143 3544 πρ(

68 3400 205 3488 πάντας,
216 3397 277 3467 τὸν
288 3397 334 3487 μή
345 3402 491 3470 θέλοντα
498 3403 702 3493 δὲπολέμιον
712 3401 875 3494 «ivetam
883 3396 1005 3490 moff-
