<?xml version="1.0" encoding="UTF-8"?>
<!DOCTYPE html PUBLIC "-//W3C//DTD XHTML 1.0 Transitional//EN"
    "http://www.w3.org/TR/xhtml1/DTD/xhtml1-transitional.dtd">
<html xmlns="http://www.w3.org/1999/xhtml" xml:lang="en" lang="en">
 <head>
  <title>
</title>
<meta http-equiv="Content-Type" content="text/html;charset=utf-8" />
  <meta name='ocr-system' content='tesseract 3.04.00' />
  <meta name='ocr-capabilities' content='ocr_page ocr_carea ocr_par ocr_line ocrx_word'/>
</head>
<body>
  <div class='ocr_page' id='page_1' title='image "./dialogisecundum04platgoog_0048.png"; bbox 0 0 2408 3764; ppageno 0'>
   <div class='ocr_carea' id='block_1_1' title="bbox 101 194 1067 297">
    <p class='ocr_par' dir='ltr' id='par_1_1' title="bbox 101 194 1067 297">
     <span class='ocr_line' id='line_1_1' title="bbox 101 194 1067 297; baseline -0.006 -17"><span class='ocrx_word' id='word_1_1' title='bbox 101 194 114 235; x_wconf 79' lang='lat'>&#39;</span> <span class='ocrx_word' id='word_1_2' title='bbox 411 219 677 279; x_wconf 76' lang='grc' dir='ltr'><strong><em>οωιΣνοΛω</em></strong></span> <span class='ocrx_word' id='word_1_3' title='bbox 696 210 732 297; x_wconf 78' lang='grc' dir='ltr'><strong><em>μ.</em></strong></span> <span class='ocrx_word' id='word_1_4' title='bbox 1047 220 1067 284; x_wconf 82' lang='lat'><strong>5</strong></span> 
     </span>
    </p>
   </div>
   <div class='ocr_carea' id='block_1_2' title="bbox 47 375 1142 2792">
    <p class='ocr_par' dir='ltr' id='par_1_2' title="bbox 63 375 1142 2414">
     <span class='ocr_line' id='line_1_2' title="bbox 66 375 1069 470; baseline -0.004 -17"><span class='ocrx_word' id='word_1_5' title='bbox 66 404 121 453; x_wconf 89' lang='grc' dir='ltr'><strong><em>σοι</em></strong></span> <span class='ocrx_word' id='word_1_6' title='bbox 133 387 188 452; x_wconf 80' lang='grc' dir='ltr'><strong><em>καὶ</em></strong></span> <span class='ocrx_word' id='word_1_7' title='bbox 202 380 432 465; x_wconf 66' lang='grc' dir='ltr'><strong><em>ἀποκρίνωμαι</em></strong></span> <span class='ocrx_word' id='word_1_8' title='bbox 442 375 463 445; x_wconf 77' lang='grc' dir='ltr'><strong><em>δ’</em></strong></span> <span class='ocrx_word' id='word_1_9' title='bbox 474 375 517 470; x_wconf 77' lang='grc' dir='ltr'><strong><em>σύ</em></strong></span> <span class='ocrx_word' id='word_1_10' title='bbox 528 378 664 464; x_wconf 81' lang='grc' dir='ltr'><strong><em>ἐρωτᾷς,</em></strong></span> <span class='ocrx_word' id='word_1_11' title='bbox 676 384 745 455; x_wconf 86' lang='grc' dir='ltr'><strong><em>πῶς</em></strong></span> <span class='ocrx_word' id='word_1_12' title='bbox 760 377 822 463; x_wconf 75' lang='grc' dir='ltr'><strong><em>χρὴ</em></strong></span> <span class='ocrx_word' id='word_1_13' title='bbox 840 381 925 464; x_wconf 73' lang='grc' dir='ltr'><strong><em>ἔχειν</em></strong></span> <span class='ocrx_word' id='word_1_14' title='bbox 942 381 997 466; x_wconf 72' lang='grc' dir='ltr'><strong><em>ἐμὲ</em></strong></span> <span class='ocrx_word' id='word_1_15' title='bbox 1014 384 1069 449; x_wconf 83' lang='grc' dir='ltr'><strong><em>καί</em></strong></span> 
     </span>
     <span class='ocr_line' id='line_1_3' title="bbox 67 472 1068 565; baseline -0.005 -15"><span class='ocrx_word' id='word_1_16' title='bbox 67 484 103 550; x_wconf 74' lang='grc' dir='ltr'><strong><em>σὲ</em></strong></span> <span class='ocrx_word' id='word_1_17' title='bbox 113 479 197 564; x_wconf 82' lang='grc' dir='ltr'><strong><em>πρὸς</em></strong></span> <span class='ocrx_word' id='word_1_18' title='bbox 207 478 379 565; x_wconf 82' lang='grc' dir='ltr'><strong><em>ἀλλήλους.</em></strong></span> <span class='ocrx_word' id='word_1_19' title='bbox 398 481 429 545; x_wconf 79' lang='grc' dir='ltr'><strong><em>εἰ</em></strong></span> <span class='ocrx_word' id='word_1_20' title='bbox 436 475 497 562; x_wconf 67' lang='grc' dir='ltr'><strong><em>μὲν</em></strong></span> <span class='ocrx_word' id='word_1_21' title='bbox 507 472 592 554; x_wconf 84' lang='grc' dir='ltr'><strong><em>ὅλως</em></strong></span> <span class='ocrx_word' id='word_1_22' title='bbox 603 479 803 560; x_wconf 85' lang='grc' dir='ltr'><strong><em>φιλοσοφίας</em></strong></span> <span class='ocrx_word' id='word_1_23' title='bbox 812 477 1068 564; x_wconf 85' lang='grc' dir='ltr'><strong><em>καταπεφρόνη-</em></strong></span> 
     </span>
     <span class='ocr_line' id='line_1_4' title="bbox 67 568 1069 668; baseline -0.003 -22"><span class='ocrx_word' id='word_1_24' title='bbox 67 605 136 664; x_wconf 89' lang='grc' dir='ltr'><strong><em>κας,</em></strong></span> <span class='ocrx_word' id='word_1_25' title='bbox 149 581 210 668; x_wconf 77' lang='grc' dir='ltr'><strong><em>ἐᾷν</em></strong></span> <span class='ocrx_word' id='word_1_26' title='bbox 219 581 358 662; x_wconf 77' lang='grc' dir='ltr'><em>χαίρειν·</em></span> <span class='ocrx_word' id='word_1_27' title='bbox 381 579 412 643; x_wconf 81' lang='grc' dir='ltr'><strong><em>εί</em></strong></span> <span class='ocrx_word' id='word_1_28' title='bbox 423 575 459 641; x_wconf 74' lang='grc' dir='ltr'><strong><em>δὲ</em></strong></span> <span class='ocrx_word' id='word_1_29' title='bbox 471 568 554 654; x_wconf 87' lang='grc' dir='ltr'><strong><em>παρ’</em></strong></span> <span class='ocrx_word' id='word_1_30' title='bbox 566 573 681 655; x_wconf 80' lang='grc' dir='ltr'><strong><em>ἑτίρόν</em></strong></span> <span class='ocrx_word' id='word_1_31' title='bbox 690 571 834 658; x_wconf 80' lang='grc' dir='ltr'><strong><em>ἀκήκοας</em></strong></span> <span class='ocrx_word' id='word_1_32' title='bbox 844 569 867 659; x_wconf 75' lang='grc' dir='ltr'><strong><em>ἦ</em></strong></span> <span class='ocrx_word' id='word_1_33' title='bbox 878 571 978 653; x_wconf 78' lang='grc' dir='ltr'><strong><em>αὐτὸς</em></strong></span> <span class='ocrx_word' id='word_1_34' title='bbox 991 582 1069 661; x_wconf 81' lang='grc' dir='ltr'><strong><em>βελ-</em></strong></span> 
     </span>
     <span class='ocr_line' id='line_1_5' title="bbox 66 668 1069 762; baseline -0.001 -20"><span class='ocrx_word' id='word_1_35' title='bbox 66 682 161 743; x_wconf 88' lang='grc' dir='ltr'><strong><em>τίονοι</em></strong></span> <span class='ocrx_word' id='word_1_36' title='bbox 168 673 313 762; x_wconf 62' lang='grc' dir='ltr'><strong><em>ὤρηκας</em></strong></span> <span class='ocrx_word' id='word_1_37' title='bbox 328 680 397 741; x_wconf 90' lang='grc' dir='ltr'><strong><em>τῶν</em></strong></span> <span class='ocrx_word' id='word_1_38' title='bbox 411 668 492 752; x_wconf 85' lang='grc' dir='ltr'><strong><em>παρ’</em></strong></span> <span class='ocrx_word' id='word_1_39' title='bbox 507 673 589 754; x_wconf 79' lang='grc' dir='ltr'><strong><em>ἐμοί,</em></strong></span> <span class='ocrx_word' id='word_1_40' title='bbox 610 672 719 738; x_wconf 74' lang='grc' dir='ltr'><strong><em>ἐκεῖνα</em></strong></span> <span class='ocrx_word' id='word_1_41' title='bbox 738 676 828 756; x_wconf 83' lang='grc' dir='ltr'><strong><em>τίμα·</em></strong></span> <span class='ocrx_word' id='word_1_42' title='bbox 851 677 882 738; x_wconf 79' lang='grc' dir='ltr'><strong><em>εἰ</em></strong></span> <span class='ocrx_word' id='word_1_43' title='bbox 898 671 931 739; x_wconf 88' lang='grc' dir='ltr'><strong><em>δ’</em></strong></span> <span class='ocrx_word' id='word_1_44' title='bbox 948 671 1012 759; x_wconf 82' lang='grc' dir='ltr'><strong><em>ἄρα</em></strong></span> <span class='ocrx_word' id='word_1_45' title='bbox 1029 671 1069 741; x_wconf 80' lang='grc' dir='ltr'><strong><em>τὰ</em></strong></span> 
     </span>
     <span class='ocr_line' id='line_1_6' title="bbox 64 765 1069 859; baseline -0.004 -19"><span class='ocrx_word' id='word_1_46' title='bbox 64 771 144 858; x_wconf 86' lang='grc' dir='ltr'><strong><em>παρ’</em></strong></span> <span class='ocrx_word' id='word_1_47' title='bbox 163 769 259 859; x_wconf 78' lang='grc' dir='ltr'><strong><em>ἡμῶν</em></strong></span> <span class='ocrx_word' id='word_1_48' title='bbox 272 791 326 840; x_wconf 91' lang='grc' dir='ltr'><strong><em>σοι</em></strong></span> <span class='ocrx_word' id='word_1_49' title='bbox 348 768 490 853; x_wconf 80' lang='grc' dir='ltr'><strong><em>ἀρέσκει,</em></strong></span> <span class='ocrx_word' id='word_1_50' title='bbox 511 767 662 852; x_wconf 80' lang='grc' dir='ltr'><strong><em>τιμητέον</em></strong></span> <span class='ocrx_word' id='word_1_51' title='bbox 681 768 737 835; x_wconf 83' lang='grc' dir='ltr'><strong><em>καλ</em></strong></span> <span class='ocrx_word' id='word_1_52' title='bbox 758 765 818 858; x_wconf 19' lang='grc' dir='ltr'><strong><em>ἐμὲ,</em></strong></span> <span class='ocrx_word' id='word_1_53' title='bbox 833 766 982 852; x_wconf 78' lang='grc' dir='ltr'><strong><em>μάλιστα.</em></strong></span> <span class='ocrx_word' id='word_1_54' title='bbox 1002 775 1069 836; x_wconf 81' lang='grc' dir='ltr'><strong><em>νῦν</em></strong></span> 
     </span>
     <span class='ocr_line' id='line_1_7' title="bbox 66 859 1068 953; baseline -0.002 -17"><span class='ocrx_word' id='word_1_55' title='bbox 66 861 140 953; x_wconf 74' lang='grc' dir='ltr'><strong><em>οὖν,</em></strong></span> <span class='ocrx_word' id='word_1_56' title='bbox 152 866 263 952; x_wconf 88' lang='grc' dir='ltr'><strong><em>ῶσπερ</em></strong></span> <span class='ocrx_word' id='word_1_57' title='bbox 274 868 330 935; x_wconf 78' lang='grc' dir='ltr'><strong><em>καὶ</em></strong></span> <span class='ocrx_word' id='word_1_58' title='bbox 340 869 373 944; x_wconf 74' lang='grc' dir='ltr'><strong><em>ἐξ</em></strong></span> <span class='ocrx_word' id='word_1_59' title='bbox 388 862 498 948; x_wconf 79' lang='grc' dir='ltr'><strong><em>ἀρχῆς,</em></strong></span> <span class='ocrx_word' id='word_1_60' title='bbox 512 859 557 930; x_wconf 76' lang='grc' dir='ltr'><strong><em>σὺ</em></strong></span> <span class='ocrx_word' id='word_1_61' title='bbox 565 870 728 949; x_wconf 76' lang='grc' dir='ltr'><strong><em>καθηγοῦ,</em></strong></span> <span class='ocrx_word' id='word_1_62' title='bbox 741 865 861 949; x_wconf 80' lang='grc' dir='ltr'><strong><em>ἕψομαι</em></strong></span> <span class='ocrx_word' id='word_1_63' title='bbox 874 866 911 933; x_wconf 70' lang='grc' dir='ltr'><strong><em>δὲ</em></strong></span> <span class='ocrx_word' id='word_1_64' title='bbox 921 865 1001 950; x_wconf 74' lang='grc' dir='ltr'><strong><em>ἐρῶ·</em></strong></span> <span class='ocrx_word' id='word_1_65' title='bbox 1018 888 1068 934; x_wconf 87' lang='grc' dir='ltr'><strong><em>τι·</em></strong></span> 
     </span>
     <span class='ocr_line' id='line_1_8' title="bbox 65 958 1104 1052; baseline -0.004 -19"><span class='ocrx_word' id='word_1_66' title='bbox 65 965 217 1052; x_wconf 86' lang='grc' dir='ltr'><strong><em>μῶμενος</em></strong></span> <span class='ocrx_word' id='word_1_67' title='bbox 226 960 365 1049; x_wconf 78' lang='grc' dir='ltr'><strong><em>νάρὺπδ</em></strong></span> <span class='ocrx_word' id='word_1_68' title='bbox 374 968 436 1028; x_wconf 83' lang='grc' dir='ltr'><strong><em>σοῦ</em></strong></span> <span class='ocrx_word' id='word_1_69' title='bbox 446 960 568 1046; x_wconf 76' lang='grc' dir='ltr'><strong><em>διμήσω</em></strong></span> <span class='ocrx_word' id='word_1_70' title='bbox 579 962 626 1045; x_wconf 83' lang='grc' dir='ltr'><strong><em>σέ,</em></strong></span> <span class='ocrx_word' id='word_1_71' title='bbox 637 960 681 1047; x_wconf 81' lang='grc' dir='ltr'><strong><em>μη</em></strong></span> <span class='ocrx_word' id='word_1_72' title='bbox 694 960 877 1046; x_wconf 75' lang='grc' dir='ltr'><strong><em>τιμώμενος</em></strong></span> <span class='ocrx_word' id='word_1_73' title='bbox 887 958 1067 1047; x_wconf 70' lang='grc' dir='ltr'><strong><em>δὲὴσνχίαν</em></strong></span> <span class='ocrx_word' id='word_1_74' title='bbox 1086 970 1104 1020; x_wconf 78' lang='lat'><strong>0</strong></span> 
     </span>
     <span class='ocr_line' id='line_1_9' title="bbox 65 1056 1069 1145; baseline -0.003 -16"><span class='ocrx_word' id='word_1_75' title='bbox 65 1060 144 1142; x_wconf 81' lang='grc' dir='ltr'><strong><em>ἀξω.</em></strong></span> <span class='ocrx_word' id='word_1_76' title='bbox 165 1066 213 1128; x_wconf 81' lang='grc' dir='ltr'><strong><em>ἔτι</em></strong></span> <span class='ocrx_word' id='word_1_77' title='bbox 228 1060 265 1126; x_wconf 67' lang='grc' dir='ltr'><strong><em>δὲ</em></strong></span> <span class='ocrx_word' id='word_1_78' title='bbox 283 1059 325 1126; x_wconf 79' lang='grc' dir='ltr'>σύ</span> <span class='ocrx_word' id='word_1_79' title='bbox 340 1059 401 1143; x_wconf 72' lang='grc' dir='ltr'><strong><em>μὲν</em></strong></span> <span class='ocrx_word' id='word_1_80' title='bbox 417 1057 472 1144; x_wconf 70' lang='grc' dir='ltr'><strong><em>ἐμὲ</em></strong></span> <span class='ocrx_word' id='word_1_81' title='bbox 486 1065 590 1144; x_wconf 90' lang='grc' dir='ltr'><strong><em>τιμῶν</em></strong></span> <span class='ocrx_word' id='word_1_82' title='bbox 605 1062 660 1126; x_wconf 79' lang='grc' dir='ltr'><strong><em>καί</em></strong></span> <span class='ocrx_word' id='word_1_83' title='bbox 676 1059 799 1127; x_wconf 83' lang='grc' dir='ltr'><strong><em>τούτου</em></strong></span> <span class='ocrx_word' id='word_1_84' title='bbox 815 1056 1069 1145; x_wconf 74' lang='grc' dir='ltr'><strong><em>καθηγούμενος</em></strong></span> 
     </span>
     <span class='ocr_line' id='line_1_10' title="bbox 66 1154 1069 1244; baseline -0.003 -19"><span class='ocrx_word' id='word_1_85' title='bbox 66 1161 273 1243; x_wconf 87' lang='grc' dir='ltr'><strong><em>φιλοσοφίαν</em></strong></span> <span class='ocrx_word' id='word_1_86' title='bbox 282 1155 383 1235; x_wconf 78' lang='grc' dir='ltr'><strong><em>δόξεις</em></strong></span> <span class='ocrx_word' id='word_1_87' title='bbox 395 1162 503 1244; x_wconf 81' lang='grc' dir='ltr'><strong><em>τιμηῖν,</em></strong></span> <span class='ocrx_word' id='word_1_88' title='bbox 520 1157 577 1224; x_wconf 78' lang='grc' dir='ltr'><strong><em>καὶ</em></strong></span> <span class='ocrx_word' id='word_1_89' title='bbox 592 1154 673 1224; x_wconf 85' lang='grc' dir='ltr'><strong><em>αάτὸ</em></strong></span> <span class='ocrx_word' id='word_1_90' title='bbox 691 1161 801 1241; x_wconf 80' lang='grc' dir='ltr'><strong><em>τοῦτο,</em></strong></span> <span class='ocrx_word' id='word_1_91' title='bbox 819 1155 870 1224; x_wconf 84' lang='grc' dir='ltr'><strong><em>ὅτι</em></strong></span> <span class='ocrx_word' id='word_1_92' title='bbox 887 1155 1069 1232; x_wconf 75' lang='grc' dir='ltr'><strong><em>διεσκόπεις</em></strong></span> 
     </span>
     <span class='ocr_line' id='line_1_11' title="bbox 68 1250 1068 1339; baseline -0.001 -18"><span class='ocrx_word' id='word_1_93' title='bbox 68 1255 125 1321; x_wconf 84' lang='grc' dir='ltr'><strong><em>καὶ</em></strong></span> <span class='ocrx_word' id='word_1_94' title='bbox 136 1251 266 1338; x_wconf 79' lang='grc' dir='ltr'><strong><em>ἄλλους,</em></strong></span> <span class='ocrx_word' id='word_1_95' title='bbox 278 1251 360 1339; x_wconf 80' lang='grc' dir='ltr'><strong><em>πρὸς</em></strong></span> <span class='ocrx_word' id='word_1_96' title='bbox 368 1259 504 1321; x_wconf 88' lang='grc' dir='ltr'><strong><em>πολλῶν</em></strong></span> <span class='ocrx_word' id='word_1_97' title='bbox 515 1251 668 1332; x_wconf 77' lang='grc' dir='ltr'><strong><em>εὐδοξίαν</em></strong></span> <span class='ocrx_word' id='word_1_98' title='bbox 678 1271 731 1319; x_wconf 90' lang='grc' dir='ltr'><strong><em>σοι</em></strong></span> <span class='ocrx_word' id='word_1_99' title='bbox 742 1262 826 1323; x_wconf 83' lang='grc' dir='ltr'><strong><em>οίσει</em></strong></span> <span class='ocrx_word' id='word_1_100' title='bbox 837 1250 881 1331; x_wconf 84' lang='grc' dir='ltr'><strong><em>ῶς</em></strong></span> <span class='ocrx_word' id='word_1_101' title='bbox 892 1251 1068 1338; x_wconf 82' lang='grc' dir='ltr'><strong><em>φιλοσόφῳ</em></strong></span> 
     </span>
     <span class='ocr_line' id='line_1_12' title="bbox 69 1348 1130 1436; baseline -0.002 -19"><span class='ocrx_word' id='word_1_102' title='bbox 69 1350 156 1418; x_wconf 79' lang='grc' dir='ltr'><strong><em>ὄντι·</em></strong></span> <span class='ocrx_word' id='word_1_103' title='bbox 182 1349 246 1436; x_wconf 67' lang='grc' dir='ltr'><strong><em>ἐμοὶ</em></strong></span> <span class='ocrx_word' id='word_1_104' title='bbox 257 1350 293 1420; x_wconf 79' lang='grc' dir='ltr'><strong><em>δὲ</em></strong></span> <span class='ocrx_word' id='word_1_105' title='bbox 305 1353 341 1418; x_wconf 73' lang='grc' dir='ltr'><strong><em>σε</em></strong></span> <span class='ocrx_word' id='word_1_106' title='bbox 351 1358 456 1434; x_wconf 90' lang='grc' dir='ltr'><strong><em>τιμῶν</em></strong></span> <span class='ocrx_word' id='word_1_107' title='bbox 466 1348 511 1434; x_wconf 81' lang='grc' dir='ltr'><strong><em>μὴ</em></strong></span> <span class='ocrx_word' id='word_1_108' title='bbox 523 1359 667 1435; x_wconf 85' lang='grc' dir='ltr'><strong><em>τιμῶντα</em></strong></span> <span class='ocrx_word' id='word_1_109' title='bbox 679 1357 824 1418; x_wconf 83' lang='grc' dir='ltr'><strong><em>πλοῦτον</em></strong></span> <span class='ocrx_word' id='word_1_110' title='bbox 836 1349 922 1430; x_wconf 76' lang='grc' dir='ltr'><strong><em>δόξω</em></strong></span> <span class='ocrx_word' id='word_1_111' title='bbox 932 1348 1068 1436; x_wconf 86' lang='grc' dir='ltr'><strong><em>θανμά-</em></strong></span> <span class='ocrx_word' id='word_1_112' title='bbox 1123 1414 1130 1433; x_wconf 84' lang='lat'><strong><em>-.</em></strong></span> 
     </span>
     <span class='ocr_line' id='line_1_13' title="bbox 66 1442 1068 1532; baseline -0.001 -19"><span class='ocrx_word' id='word_1_113' title='bbox 66 1451 176 1526; x_wconf 76' lang='grc' dir='ltr'><strong><em>ζειντε</em></strong></span> <span class='ocrx_word' id='word_1_114' title='bbox 187 1450 242 1515; x_wconf 83' lang='grc' dir='ltr'><strong><em>καί</em></strong></span> <span class='ocrx_word' id='word_1_115' title='bbox 253 1445 396 1530; x_wconf 84' lang='grc' dir='ltr'><strong><em>διῶκειν,</em></strong></span> <span class='ocrx_word' id='word_1_116' title='bbox 408 1453 507 1512; x_wconf 80' lang='grc' dir='ltr'><strong><em>τοῦτο</em></strong></span> <span class='ocrx_word' id='word_1_117' title='bbox 518 1443 548 1511; x_wconf 88' lang='grc' dir='ltr'><strong><em>δ’</em></strong></span> <span class='ocrx_word' id='word_1_118' title='bbox 563 1455 659 1530; x_wconf 78' lang='grc' dir='ltr'><strong><em>ἴσμεν</em></strong></span> <span class='ocrx_word' id='word_1_119' title='bbox 670 1442 721 1512; x_wconf 83' lang='grc' dir='ltr'><strong><em>ὅτι</em></strong></span> <span class='ocrx_word' id='word_1_120' title='bbox 736 1445 826 1532; x_wconf 82' lang='grc' dir='ltr'><strong><em>παρὰ</em></strong></span> <span class='ocrx_word' id='word_1_121' title='bbox 844 1453 946 1513; x_wconf 79' lang='grc' dir='ltr'><strong><em>πᾶσιν</em></strong></span> <span class='ocrx_word' id='word_1_122' title='bbox 961 1445 1068 1532; x_wconf 82' lang='grc' dir='ltr'><strong><em>ὄνομα</em></strong></span> 
     </span>
     <span class='ocr_line' id='line_1_14' title="bbox 65 1539 1069 1632; baseline 0.003 -24"><span class='ocrx_word' id='word_1_123' title='bbox 65 1543 106 1608; x_wconf 82' lang='grc' dir='ltr'><strong><em>οὐ</em></strong></span> <span class='ocrx_word' id='word_1_124' title='bbox 118 1545 225 1611; x_wconf 86' lang='grc' dir='ltr'><strong><em>καλὸν</em></strong></span> <span class='ocrx_word' id='word_1_125' title='bbox 234 1548 307 1628; x_wconf 84' lang='grc' dir='ltr'><strong><em>ἔχει.</em></strong></span> <span class='ocrx_word' id='word_1_126' title='bbox 329 1539 371 1621; x_wconf 82' lang='grc' dir='ltr'><strong><em>ῶς</em></strong></span> <span class='ocrx_word' id='word_1_127' title='bbox 382 1540 415 1608; x_wconf 84' lang='grc' dir='ltr'><strong><em>δ’</em></strong></span> <span class='ocrx_word' id='word_1_128' title='bbox 427 1543 465 1608; x_wconf 78' lang='grc' dir='ltr'><strong><em>ἐν</em></strong></span> <span class='ocrx_word' id='word_1_129' title='bbox 478 1548 646 1632; x_wconf 71' lang='grc' dir='ltr'><strong><em>κεφαλαίῳ</em></strong></span> <span class='ocrx_word' id='word_1_130' title='bbox 657 1546 769 1625; x_wconf 72' lang='grc' dir='ltr'><strong><em>εἰπεῖν,</em></strong></span> <span class='ocrx_word' id='word_1_131' title='bbox 787 1549 850 1610; x_wconf 86' lang='grc' dir='ltr'><strong><em>σοῦ</em></strong></span> <span class='ocrx_word' id='word_1_132' title='bbox 868 1544 929 1627; x_wconf 70' lang='grc' dir='ltr'><strong><em>μὲν</em></strong></span> <span class='ocrx_word' id='word_1_133' title='bbox 945 1551 1069 1629; x_wconf 89' lang='grc' dir='ltr'><strong><em>τιμῶν-</em></strong></span> 
     </span>
     <span class='ocr_line' id='line_1_15' title="bbox 63 1635 1069 1726; baseline 0 -19"><span class='ocrx_word' id='word_1_134' title='bbox 63 1665 120 1716; x_wconf 86' lang='grc' dir='ltr'><strong><em>τος</em></strong></span> <span class='ocrx_word' id='word_1_135' title='bbox 134 1636 332 1724; x_wconf 74' lang='grc' dir='ltr'><strong><em>ἀμφοτέροις</em></strong></span> <span class='ocrx_word' id='word_1_136' title='bbox 343 1636 477 1724; x_wconf 90' lang='grc' dir='ltr'><strong><em>κόσμος,</em></strong></span> <span class='ocrx_word' id='word_1_137' title='bbox 489 1640 571 1725; x_wconf 74' lang='grc' dir='ltr'><strong><em>ἐμοῦ</em></strong></span> <span class='ocrx_word' id='word_1_138' title='bbox 581 1637 616 1708; x_wconf 69' lang='grc' dir='ltr'><strong><em>δὲ</em></strong></span> <span class='ocrx_word' id='word_1_139' title='bbox 627 1637 754 1718; x_wconf 81' lang='grc' dir='ltr'><strong><em>ὄνειδος</em></strong></span> <span class='ocrx_word' id='word_1_140' title='bbox 765 1635 901 1724; x_wconf 78' lang='grc' dir='ltr'><strong><em>ἀμφοῖν.</em></strong></span> <span class='ocrx_word' id='word_1_141' title='bbox 922 1643 996 1726; x_wconf 78' lang='grc' dir='ltr'><strong><em>περὶ</em></strong></span> <span class='ocrx_word' id='word_1_142' title='bbox 1007 1642 1069 1726; x_wconf 71' lang='grc' dir='ltr'><strong><em>μὲν</em></strong></span> 
     </span>
     <span class='ocr_line' id='line_1_16' title="bbox 64 1729 1142 1806; baseline 0.001 -1"><span class='ocrx_word' id='word_1_143' title='bbox 64 1729 129 1805; x_wconf 84' lang='grc' dir='ltr'><strong><em>οὖν</em></strong></span> <span class='ocrx_word' id='word_1_144' title='bbox 139 1736 270 1805; x_wconf 78' lang='grc' dir='ltr'><strong><em>τούτων</em></strong></span> <span class='ocrx_word' id='word_1_145' title='bbox 280 1743 393 1804; x_wconf 86' lang='grc' dir='ltr'><strong><em>ταῦτα.</em></strong></span> <span class='ocrx_word' id='word_1_146' title='bbox 1084 1755 1106 1806; x_wconf 83' lang='lat' dir='ltr'><strong>D</strong></span> <span class='ocrx_word' id='word_1_147' title='bbox 1137 1736 1142 1747; x_wconf 59' lang='lat'>⁸</span> 
     </span>
     <span class='ocr_line' id='line_1_17' title="bbox 152 1831 1069 1922; baseline 0.001 -20"><span class='ocrx_word' id='word_1_148' title='bbox 152 1834 198 1904; x_wconf 84' lang='grc' dir='ltr'><strong><em>Τὰ</em></strong></span> <span class='ocrx_word' id='word_1_149' title='bbox 211 1832 247 1903; x_wconf 71' lang='grc' dir='ltr'><strong><em>δὲ</em></strong></span> <span class='ocrx_word' id='word_1_150' title='bbox 258 1839 418 1920; x_wconf 80' lang='grc' dir='ltr'><strong><em>σφαιρίον</em></strong></span> <span class='ocrx_word' id='word_1_151' title='bbox 429 1831 491 1901; x_wconf 76' lang='grc' dir='ltr'><strong><em>οὐκ</em></strong></span> <span class='ocrx_word' id='word_1_152' title='bbox 503 1831 617 1920; x_wconf 85' lang='grc' dir='ltr'><strong><em>ὀρθῶς</em></strong></span> <span class='ocrx_word' id='word_1_153' title='bbox 630 1837 710 1919; x_wconf 75' lang='grc' dir='ltr'><strong><em>ἔχει·</em></strong></span> <span class='ocrx_word' id='word_1_154' title='bbox 727 1832 868 1920; x_wconf 84' lang='grc' dir='ltr'><strong><em>δηλῶσει</em></strong></span> <span class='ocrx_word' id='word_1_155' title='bbox 881 1836 919 1900; x_wconf 80' lang='grc' dir='ltr'><strong><em>δέ</em></strong></span> <span class='ocrx_word' id='word_1_156' title='bbox 929 1855 982 1901; x_wconf 88' lang='grc' dir='ltr'><strong><em>σοι</em></strong></span> <span class='ocrx_word' id='word_1_157' title='bbox 995 1833 1069 1922; x_wconf 81' lang='grc' dir='ltr'><strong><em>Ἀρ-</em></strong></span> 
     </span>
     <span class='ocr_line' id='line_1_18' title="bbox 64 1927 1069 2048; baseline 0.001 -49"><span class='ocrx_word' id='word_1_158' title='bbox 64 1934 212 2048; x_wconf 81' lang='grc' dir='ltr'><strong><em>χέδημος,</em></strong></span> <span class='ocrx_word' id='word_1_159' title='bbox 234 1930 368 1999; x_wconf 80' lang='grc' dir='ltr'><strong><em>ἐπειδᾶν</em></strong></span> <span class='ocrx_word' id='word_1_160' title='bbox 385 1936 476 2019; x_wconf 77' lang='grc' dir='ltr'><strong><em>ἔλθη.</em></strong></span> <span class='ocrx_word' id='word_1_161' title='bbox 498 1934 554 2000; x_wconf 79' lang='grc' dir='ltr'><strong><em>καὶ</em></strong></span> <span class='ocrx_word' id='word_1_162' title='bbox 568 1929 609 2018; x_wconf 78' lang='grc' dir='ltr'><strong><em>δὴ</em></strong></span> <span class='ocrx_word' id='word_1_163' title='bbox 626 1933 772 2015; x_wconf 78' lang='grc' dir='ltr'><strong><em>καὶπερὶ</em></strong></span> <span class='ocrx_word' id='word_1_164' title='bbox 786 1927 1069 2018; x_wconf 75' lang='grc' dir='ltr'><strong><em>τοῦδε,“οτον’τον</em></strong></span> 
     </span>
     <span class='ocr_line' id='line_1_19' title="bbox 65 2026 1070 2117; baseline 0 -21"><span class='ocrx_word' id='word_1_165' title='bbox 65 2028 287 2116; x_wconf 84' lang='grc' dir='ltr'><strong><em>τιμιῶτερόντ</em></strong></span> <span class='ocrx_word' id='word_1_166' title='bbox 289 2026 377 2098; x_wconf 74' lang='grc' dir='ltr'><strong><em>’ἐστὶ</em></strong></span> <span class='ocrx_word' id='word_1_167' title='bbox 389 2032 443 2099; x_wconf 81' lang='grc' dir='ltr'><strong><em>καί</em></strong></span> <span class='ocrx_word' id='word_1_168' title='bbox 458 2029 642 2117; x_wconf 88' lang='grc' dir='ltr'><strong><em>θειότερον,</em></strong></span> <span class='ocrx_word' id='word_1_169' title='bbox 659 2033 715 2098; x_wconf 83' lang='grc' dir='ltr'><strong><em>καί</em></strong></span> <span class='ocrx_word' id='word_1_170' title='bbox 730 2030 819 2117; x_wconf 86' lang='grc' dir='ltr'><strong><em>μα’λοι</em></strong></span> <span class='ocrx_word' id='word_1_171' title='bbox 835 2027 959 2117; x_wconf 86' lang='grc' dir='ltr'><strong><em>σφόδρ’</em></strong></span> <span class='ocrx_word' id='word_1_172' title='bbox 978 2027 1070 2098; x_wconf 79' lang='grc' dir='ltr'><strong><em>αὐτῶ</em></strong></span> 
     </span>
     <span class='ocr_line' id='line_1_20' title="bbox 65 2118 1066 2216; baseline 0.001 -23"><span class='ocrx_word' id='word_1_173' title='bbox 65 2129 240 2212; x_wconf 82' lang='grc' dir='ltr'><strong><em>δηλωτέον,</em></strong></span> <span class='ocrx_word' id='word_1_174' title='bbox 250 2118 394 2212; x_wconf 75' lang='grc' dir='ltr'><strong><em>ὑπὲρ</em></strong></span> <span class='ocrx_word' id='word_1_175' title='bbox 351 2153 392 2195; x_wconf 89' lang='grc' dir='ltr'><strong><em>ον</em></strong></span> <span class='ocrx_word' id='word_1_176' title='bbox 407 2125 451 2195; x_wconf 81' lang='grc' dir='ltr'><em>σύ</em></span> <span class='ocrx_word' id='word_1_177' title='bbox 467 2130 642 2215; x_wconf 75' lang='grc' dir='ltr'><strong><em>πέπομφας</em></strong></span> <span class='ocrx_word' id='word_1_178' title='bbox 658 2125 897 2216; x_wconf 83' lang='grc' dir='ltr'><strong><em>ἀπορούμενος.</em></strong></span> <span class='ocrx_word' id='word_1_179' title='bbox 920 2126 987 2216; x_wconf 75' lang='grc' dir='ltr'><strong><em>φῂς</em></strong></span> <span class='ocrx_word' id='word_1_180' title='bbox 1002 2127 1066 2214; x_wconf 80' lang='grc' dir='ltr'><strong><em>γὰρ</em></strong></span> 
     </span>
     <span class='ocr_line' id='line_1_21' title="bbox 66 2222 1074 2315; baseline 0 -24"><span class='ocrx_word' id='word_1_181' title='bbox 66 2223 106 2309; x_wconf 79' lang='grc' dir='ltr'><strong><em>δὴ</em></strong></span> <span class='ocrx_word' id='word_1_182' title='bbox 118 2222 202 2292; x_wconf 78' lang='grc' dir='ltr'><strong><em>κατὰ</em></strong></span> <span class='ocrx_word' id='word_1_183' title='bbox 213 2223 272 2292; x_wconf 87' lang='grc' dir='ltr'><strong><em>τδν</em></strong></span> <span class='ocrx_word' id='word_1_184' title='bbox 284 2227 414 2293; x_wconf 77' lang='grc' dir='ltr'><strong><em>ἐκείνου</em></strong></span> <span class='ocrx_word' id='word_1_185' title='bbox 425 2225 539 2312; x_wconf 81' lang='grc' dir='ltr'><strong><em>λόγον,</em></strong></span> <span class='ocrx_word' id='word_1_186' title='bbox 552 2225 638 2315; x_wconf 73' lang='grc' dir='ltr'><strong><em>οὐχί</em></strong></span> <span class='ocrx_word' id='word_1_187' title='bbox 636 2233 746 2308; x_wconf 87' lang='grc' dir='ltr'><strong><em>κανῶς</em></strong></span> <span class='ocrx_word' id='word_1_188' title='bbox 763 2224 1001 2314; x_wconf 78' lang='grc' dir='ltr'><strong><em>ἀποδεδεῖχθαί</em></strong></span> <span class='ocrx_word' id='word_1_189' title='bbox 1014 2245 1074 2292; x_wconf 90' lang='grc' dir='ltr'><strong><em>σοι</em></strong></span> 
     </span>
     <span class='ocr_line' id='line_1_22' title="bbox 66 2325 1068 2414; baseline 0.002 -23"><span class='ocrx_word' id='word_1_190' title='bbox 66 2327 142 2404; x_wconf 82' lang='grc' dir='ltr'><strong><em>περὶ</em></strong></span> <span class='ocrx_word' id='word_1_191' title='bbox 152 2349 208 2408; x_wconf 89' lang='grc' dir='ltr'><strong><em>της</em></strong></span> <span class='ocrx_word' id='word_1_192' title='bbox 217 2349 278 2391; x_wconf 92' lang='grc' dir='ltr'><strong><em>τον</em></strong></span> <span class='ocrx_word' id='word_1_193' title='bbox 289 2326 423 2408; x_wconf 88' lang='grc' dir='ltr'><strong><em>πρῶτον</em></strong></span> <span class='ocrx_word' id='word_1_194' title='bbox 434 2327 576 2412; x_wconf 87' lang='grc' dir='ltr'><strong><em>φύσεως.</em></strong></span> <span class='ocrx_word' id='word_1_195' title='bbox 597 2332 766 2411; x_wconf 84' lang='grc' dir='ltr'><strong><em>φραστέον</em></strong></span> <span class='ocrx_word' id='word_1_196' title='bbox 777 2325 819 2414; x_wconf 91' lang='grc' dir='ltr'><strong><em>δη</em></strong></span> <span class='ocrx_word' id='word_1_197' title='bbox 830 2347 883 2396; x_wconf 89' lang='grc' dir='ltr'><strong><em>σοι</em></strong></span> <span class='ocrx_word' id='word_1_198' title='bbox 894 2325 940 2395; x_wconf 90' lang='grc' dir='ltr'><strong><em>δι</em></strong></span> <span class='ocrx_word' id='word_1_199' title='bbox 959 2331 1068 2411; x_wconf 80' lang='grc' dir='ltr'><strong><em>αἰνιγ-</em></strong></span> 
     </span>
    </p>

    <p class='ocr_par' dir='ltr' id='par_1_3' title="bbox 47 2415 1103 2792">
     <span class='ocr_line' id='line_1_23' title="bbox 47 2415 1066 2538; baseline 0.006 -52"><span class='ocrx_word' id='word_1_200' title='bbox 47 2493 48 2497; x_wconf 64' lang='lat'>,</span> <span class='ocrx_word' id='word_1_201' title='bbox 66 2427 153 2538; x_wconf 84' lang='grc' dir='ltr'><strong><em>μῶν,</em></strong></span> <span class='ocrx_word' id='word_1_202' title='bbox 163 2415 208 2485; x_wconf 84' lang='grc' dir='ltr'><strong><em>ιν’</em></strong></span> <span class='ocrx_word' id='word_1_203' title='bbox 223 2418 335 2507; x_wconf 85' lang='grc' dir='ltr'><strong><em>ἀντιη</em></strong></span> <span class='ocrx_word' id='word_1_204' title='bbox 324 2420 494 2502; x_wconf 69' lang='grc' dir='ltr'><strong><em>’δίλτος”</em></strong></span> <span class='ocrx_word' id='word_1_205' title='bbox 472 2452 492 2510; x_wconf 91' lang='grc' dir='ltr'><strong><em>η</em></strong></span> <span class='ocrx_word' id='word_1_206' title='bbox 505 2426 632 2494; x_wconf 87' lang='grc' dir='ltr'><strong><em>πόντου</em></strong></span> <span class='ocrx_word' id='word_1_207' title='bbox 647 2454 668 2510; x_wconf 90' lang='grc' dir='ltr'><strong><em>η</em></strong></span> <span class='ocrx_word' id='word_1_208' title='bbox 685 2433 747 2512; x_wconf 75' lang='grc' dir='ltr'><strong><em>γῆς</em></strong></span> <span class='ocrx_word' id='word_1_209' title='bbox 762 2428 799 2494; x_wconf 80' lang='grc' dir='ltr'><strong><em>ἐν</em></strong></span> <span class='ocrx_word' id='word_1_210' title='bbox 815 2440 950 2512; x_wconf 77' lang='grc' dir='ltr'><strong><em>πτυχαῖς</em></strong></span> <span class='ocrx_word' id='word_1_211' title='bbox 959 2424 1066 2521; x_wconf 79' lang='grc' dir='ltr'><strong><em>πάθη,</em></strong></span> 
     </span>
     <span class='ocr_line' id='line_1_24' title="bbox 66 2510 1103 2606; baseline 0.001 -21"><span class='ocrx_word' id='word_1_212' title='bbox 66 2513 264 2599; x_wconf 81' lang='grc' dir='ltr'><strong><em>οαναννονς</em></strong></span> <span class='ocrx_word' id='word_1_213' title='bbox 274 2540 318 2600; x_wconf 89' lang='grc' dir='ltr'><strong><em>μη</em></strong></span> <span class='ocrx_word' id='word_1_214' title='bbox 330 2542 409 2601; x_wconf 83' lang='grc' dir='ltr'><strong><em>γνω</em></strong></span> <span class='ocrx_word' id='word_1_215' title='bbox 430 2510 546 2587; x_wconf 83' lang='grc' dir='ltr'><strong><em>ῶδε</em></strong></span> <span class='ocrx_word' id='word_1_216' title='bbox 507 2546 571 2605; x_wconf 76' lang='grc' dir='ltr'><strong><em>γαρ</em></strong></span> <span class='ocrx_word' id='word_1_217' title='bbox 589 2525 661 2604; x_wconf 74' lang='grc' dir='ltr'><strong><em>ἔχει.</em></strong></span> <span class='ocrx_word' id='word_1_218' title='bbox 688 2521 812 2606; x_wconf 84' lang='grc' dir='ltr'><strong><em>περὶ</em></strong></span> <span class='ocrx_word' id='word_1_219' title='bbox 778 2549 839 2590; x_wconf 92' lang='grc' dir='ltr'><strong><em>τον</em></strong></span> <span class='ocrx_word' id='word_1_220' title='bbox 854 2522 990 2588; x_wconf 83' lang='grc' dir='ltr'><strong><em>πάντων</em></strong></span> <span class='ocrx_word' id='word_1_221' title='bbox 1004 2526 1066 2605; x_wconf 84' lang='grc' dir='ltr'><strong><em>βα·</em></strong></span> <span class='ocrx_word' id='word_1_222' title='bbox 1082 2532 1103 2580; x_wconf 78' lang='grc' dir='ltr'>Ε</span> 
     </span>
     <span class='ocr_line' id='line_1_25' title="bbox 68 2608 1070 2698; baseline 0 -18"><span class='ocrx_word' id='word_1_223' title='bbox 68 2615 160 2682; x_wconf 81' lang='grc' dir='ltr'><strong><em>σιλέα</em></strong></span> <span class='ocrx_word' id='word_1_224' title='bbox 170 2611 258 2679; x_wconf 85' lang='grc' dir='ltr'><strong><em>πάντ</em></strong></span> <span class='ocrx_word' id='word_1_225' title='bbox 262 2608 351 2678; x_wconf 74' lang='grc' dir='ltr'><strong><em>’ἐστὶ</em></strong></span> <span class='ocrx_word' id='word_1_226' title='bbox 361 2615 416 2680; x_wconf 84' lang='grc' dir='ltr'><strong><em>καί</em></strong></span> <span class='ocrx_word' id='word_1_227' title='bbox 426 2619 493 2681; x_wconf 80' lang='grc' dir='ltr'><strong><em>ἐκεί</em></strong></span> <span class='ocrx_word' id='word_1_228' title='bbox 480 2623 555 2683; x_wconf 90' lang='grc' dir='ltr'><strong><em>ίνον</em></strong></span> <span class='ocrx_word' id='word_1_229' title='bbox 571 2615 668 2680; x_wconf 83' lang='grc' dir='ltr'><strong><em>ἕνεκα</em></strong></span> <span class='ocrx_word' id='word_1_230' title='bbox 682 2617 801 2698; x_wconf 82' lang='grc' dir='ltr'><strong><em>πάντα,</em></strong></span> <span class='ocrx_word' id='word_1_231' title='bbox 818 2641 873 2682; x_wconf 87' lang='grc' dir='ltr'><strong><em>και</em></strong></span> <span class='ocrx_word' id='word_1_232' title='bbox 861 2619 997 2683; x_wconf 77' lang='grc' dir='ltr'><strong><em>ἐκείνο</em></strong></span> <span class='ocrx_word' id='word_1_233' title='bbox 1015 2623 1070 2680; x_wconf 88' lang='grc' dir='ltr'><strong><em>αί-</em></strong></span> 
     </span>
     <span class='ocr_line' id='line_1_26' title="bbox 68 2708 1070 2792; baseline -0.005 -15"><span class='ocrx_word' id='word_1_234' title='bbox 68 2735 139 2778; x_wconf 90' lang='grc' dir='ltr'><strong><em>τιον</em></strong></span> <span class='ocrx_word' id='word_1_235' title='bbox 150 2705 388 2776; x_wconf 78' lang='grc' dir='ltr'><strong><em>ἁπάντωντῶν</em></strong></span> <span class='ocrx_word' id='word_1_236' title='bbox 404 2715 529 2774; x_wconf 89' lang='grc' dir='ltr'><strong><em>καλῶν·</em></strong></span> <span class='ocrx_word' id='word_1_237' title='bbox 548 2708 705 2791; x_wconf 81' lang='grc' dir='ltr'><strong><em>δεύτερον</em></strong></span> <span class='ocrx_word' id='word_1_238' title='bbox 717 2708 753 2775; x_wconf 68' lang='grc' dir='ltr'><strong><em>δὲ</em></strong></span> <span class='ocrx_word' id='word_1_239' title='bbox 770 2708 898 2792; x_wconf 81' lang='grc' dir='ltr'><strong><em>περὶ</em></strong></span> <span class='ocrx_word' id='word_1_240' title='bbox 862 2735 902 2774; x_wconf 90' lang='grc' dir='ltr'><strong><em>τοι</em></strong></span> <span class='ocrx_word' id='word_1_241' title='bbox 921 2708 1070 2790; x_wconf 85' lang='grc' dir='ltr'><strong><em>δεύτερα,</em></strong></span> 
     </span>
    </p>
   </div>
   <div class='ocr_carea' id='block_1_3' title="bbox 69 2794 1140 3477">
    <p class='ocr_par' dir='ltr' id='par_1_4' title="bbox 69 2794 1140 3477">
     <span class='ocr_line' id='line_1_27' title="bbox 69 2794 1072 2889; baseline -0.008 -16"><span class='ocrx_word' id='word_1_242' title='bbox 69 2808 125 2874; x_wconf 81' lang='grc' dir='ltr'><strong><em>καλ</em></strong></span> <span class='ocrx_word' id='word_1_243' title='bbox 144 2809 255 2888; x_wconf 91' lang='grc' dir='ltr'><strong><em>τρίτον</em></strong></span> <span class='ocrx_word' id='word_1_244' title='bbox 276 2803 351 2889; x_wconf 77' lang='grc' dir='ltr'><strong><em>περὶ</em></strong></span> <span class='ocrx_word' id='word_1_245' title='bbox 375 2798 492 2869; x_wconf 87' lang='grc' dir='ltr'><strong><em>τάί</em></strong></span> <span class='ocrx_word' id='word_1_246' title='bbox 437 2807 492 2886; x_wconf 91' lang='grc' dir='ltr'><strong><em>τρί</em></strong></span> <span class='ocrx_word' id='word_1_247' title='bbox 489 2828 537 2869; x_wconf 92' lang='grc' dir='ltr'><strong><em>τα.</em></strong></span> <span class='ocrx_word' id='word_1_248' title='bbox 558 2801 579 2888; x_wconf 82' lang='grc' dir='ltr'><em>ἡ</em></span> <span class='ocrx_word' id='word_1_249' title='bbox 596 2794 661 2870; x_wconf 80' lang='grc' dir='ltr'><strong><em>οὖν</em></strong></span> <span class='ocrx_word' id='word_1_250' title='bbox 676 2799 873 2886; x_wconf 84' lang='grc' dir='ltr'><strong><em>ἀνθρωπίνη</em></strong></span> <span class='ocrx_word' id='word_1_251' title='bbox 889 2799 977 2883; x_wconf 72' lang='grc' dir='ltr'><strong><em>ψυχὴ</em></strong></span> <span class='ocrx_word' id='word_1_252' title='bbox 997 2803 1072 2882; x_wconf 80' lang='grc' dir='ltr'><strong><em>περί</em></strong></span> 
     </span>
     <span class='ocr_line' id='line_1_28' title="bbox 70 2893 1073 2986; baseline -0.01 -16"><span class='ocrx_word' id='word_1_253' title='bbox 70 2900 154 2970; x_wconf 80' lang='grc' dir='ltr'><strong><em>αὐτοὶ</em></strong></span> <span class='ocrx_word' id='word_1_254' title='bbox 168 2898 315 2986; x_wconf 79' lang='grc' dir='ltr'><strong><em>ὀρέγεται</em></strong></span> <span class='ocrx_word' id='word_1_255' title='bbox 329 2909 452 2986; x_wconf 76' lang='grc' dir='ltr'><strong><em>μαθεῖν</em></strong></span> <span class='ocrx_word' id='word_1_256' title='bbox 463 2897 532 2966; x_wconf 77' lang='grc' dir='ltr'><strong><em>πολ</em></strong></span> <span class='ocrx_word' id='word_1_257' title='bbox 544 2895 623 2965; x_wconf 80' lang='grc' dir='ltr'><strong><em>ἅττα</em></strong></span> <span class='ocrx_word' id='word_1_258' title='bbox 634 2901 703 2966; x_wconf 80' lang='grc' dir='ltr'><strong><em>ἐστί</em></strong></span> <span class='ocrx_word' id='word_1_259' title='bbox 701 2899 892 2985; x_wconf 82' lang='grc' dir='ltr'><strong><em>βλέπουσα</em></strong></span> <span class='ocrx_word' id='word_1_260' title='bbox 903 2893 995 2974; x_wconf 82' lang='grc' dir='ltr'><strong><em>εἰς</em></strong></span> <span class='ocrx_word' id='word_1_261' title='bbox 958 2920 999 2961; x_wconf 86' lang='grc' dir='ltr'><strong><em>τα</em></strong></span> <span class='ocrx_word' id='word_1_262' title='bbox 1010 2919 1073 2961; x_wconf 87' lang='grc' dir='ltr'><strong><em>αν-</em></strong></span> 
     </span>
     <span class='ocr_line' id='line_1_29' title="bbox 69 2988 1140 3087; baseline -0.007 -21"><span class='ocrx_word' id='word_1_263' title='bbox 69 3025 128 3087; x_wconf 89' lang='grc' dir='ltr'><strong><em>της</em></strong></span> <span class='ocrx_word' id='word_1_264' title='bbox 139 3005 295 3087; x_wconf 79' lang='grc' dir='ltr'><strong><em>συγγενῆ,</em></strong></span> <span class='ocrx_word' id='word_1_265' title='bbox 308 2988 356 3069; x_wconf 79' lang='grc' dir='ltr'><strong><em>ῶν</em></strong></span> <span class='ocrx_word' id='word_1_266' title='bbox 365 2993 466 3065; x_wconf 72' lang='grc' dir='ltr'><strong><em>οὐδὲν</em></strong></span> <span class='ocrx_word' id='word_1_267' title='bbox 475 3000 598 3077; x_wconf 75' lang='grc' dir='ltr'><strong><em>ἱκανῶς</em></strong></span> <span class='ocrx_word' id='word_1_268' title='bbox 608 3000 680 3083; x_wconf 76' lang='grc' dir='ltr'><strong><em>ἔχει.</em></strong></span> <span class='ocrx_word' id='word_1_269' title='bbox 703 3021 763 3063; x_wconf 91' lang='grc' dir='ltr'><strong><em>τον</em></strong></span> <span class='ocrx_word' id='word_1_270' title='bbox 751 2993 814 3081; x_wconf 95' lang='grc' dir='ltr'><strong><em>δη</em></strong></span> <span class='ocrx_word' id='word_1_271' title='bbox 826 2995 986 3082; x_wconf 72' lang='grc' dir='ltr'><strong><em>βασιλέως</em></strong></span> <span class='ocrx_word' id='word_1_272' title='bbox 995 2990 1069 3079; x_wconf 80' lang='grc' dir='ltr'><strong><em>πέρι</em></strong></span> <span class='ocrx_word' id='word_1_273' title='bbox 1087 3002 1140 3058; x_wconf 79' lang='grc'><strong><em>313</em></strong></span> 
     </span>
     <span class='ocr_line' id='line_1_30' title="bbox 71 3086 1070 3182; baseline -0.005 -17"><span class='ocrx_word' id='word_1_274' title='bbox 71 3088 190 3166; x_wconf 82' lang='grc' dir='ltr'><strong><em>καίων</em></strong></span> <span class='ocrx_word' id='word_1_275' title='bbox 204 3095 308 3182; x_wconf 80' lang='grc' dir='ltr'><strong><em>εἶπον,</em></strong></span> <span class='ocrx_word' id='word_1_276' title='bbox 327 3093 427 3165; x_wconf 82' lang='grc' dir='ltr'><strong><em>οὐδέν</em></strong></span> <span class='ocrx_word' id='word_1_277' title='bbox 443 3098 511 3165; x_wconf 81' lang='grc' dir='ltr'><strong><em>ἐστι</em></strong></span> <span class='ocrx_word' id='word_1_278' title='bbox 526 3102 686 3164; x_wconf 75' lang='grc' dir='ltr'><strong><em>τοιοῦτον.</em></strong></span> <span class='ocrx_word' id='word_1_279' title='bbox 720 3093 757 3163; x_wconf 84' lang='grc' dir='ltr'><strong><em>τὰ</em></strong></span> <span class='ocrx_word' id='word_1_280' title='bbox 777 3091 817 3181; x_wconf 91' lang='grc' dir='ltr'><strong><em>δη</em></strong></span> <span class='ocrx_word' id='word_1_281' title='bbox 835 3089 915 3179; x_wconf 89' lang='grc' dir='ltr'><strong><em>μετά</em></strong></span> <span class='ocrx_word' id='word_1_282' title='bbox 933 3097 1031 3160; x_wconf 85' lang='grc' dir='ltr'><strong><em>τοῦτο</em></strong></span> <span class='ocrx_word' id='word_1_283' title='bbox 1049 3086 1070 3176; x_wconf 81' lang='grc' dir='ltr'><strong><em>ἡ</em></strong></span> 
     </span>
     <span class='ocr_line' id='line_1_31' title="bbox 71 3184 1071 3285; baseline -0.005 -22"><span class='ocrx_word' id='word_1_284' title='bbox 71 3195 158 3285; x_wconf 77' lang='grc' dir='ltr'><strong><em>ψνχη</em></strong></span> <span class='ocrx_word' id='word_1_285' title='bbox 169 3214 324 3282; x_wconf 84' lang='grc' dir='ltr'><strong><em>φησιν-</em></strong></span> <span class='ocrx_word' id='word_1_286' title='bbox 282 3191 419 3262; x_wconf 84' lang='grc' dir='ltr'><strong><em>-ἀλλά</em></strong></span> <span class='ocrx_word' id='word_1_287' title='bbox 429 3193 528 3263; x_wconf 77' lang='grc' dir='ltr'><strong><em>ποῖόν</em></strong></span> <span class='ocrx_word' id='word_1_288' title='bbox 539 3221 571 3262; x_wconf 92' lang='grc' dir='ltr'><strong><em>τι</em></strong></span> <span class='ocrx_word' id='word_1_289' title='bbox 580 3220 648 3281; x_wconf 90' lang='grc' dir='ltr'><strong><em>μην</em></strong></span> <span class='ocrx_word' id='word_1_290' title='bbox 658 3201 738 3263; x_wconf 80' lang='grc' dir='ltr'><strong><em>τοῦτ</em></strong></span> <span class='ocrx_word' id='word_1_291' title='bbox 741 3184 903 3277; x_wconf 84' lang='grc' dir='ltr'><strong><em>’ἐστίν,</em></strong></span> <span class='ocrx_word' id='word_1_292' title='bbox 874 3219 900 3260; x_wconf 88' lang='grc' dir='ltr'><strong><em>ω</em></strong></span> <span class='ocrx_word' id='word_1_293' title='bbox 914 3203 976 3260; x_wconf 82' lang='grc' dir='ltr'><strong><em>παλ</em></strong></span> <span class='ocrx_word' id='word_1_294' title='bbox 986 3197 1071 3261; x_wconf 92' lang='grc' dir='ltr'><strong><em>Διο-</em></strong></span> 
     </span>
     <span class='ocr_line' id='line_1_32' title="bbox 70 3288 1071 3379; baseline -0.006 -18"><span class='ocrx_word' id='word_1_295' title='bbox 70 3300 190 3363; x_wconf 89' lang='grc' dir='ltr'><strong><em>ννσίον</em></strong></span> <span class='ocrx_word' id='word_1_296' title='bbox 206 3295 261 3361; x_wconf 84' lang='grc' dir='ltr'><strong><em>καί</em></strong></span> <span class='ocrx_word' id='word_1_297' title='bbox 276 3291 488 3379; x_wconf 86' lang='grc' dir='ltr'><strong><em>Δωρίδος,</em></strong></span> <span class='ocrx_word' id='word_1_298' title='bbox 454 3317 492 3361; x_wconf 90' lang='grc' dir='ltr'><strong><em>το</em></strong></span> <span class='ocrx_word' id='word_1_299' title='bbox 509 3288 707 3378; x_wconf 80' lang='grc' dir='ltr'><strong><em>ἐρῶτημα,“</em></strong></span> <span class='ocrx_word' id='word_1_300' title='bbox 687 3317 705 3358; x_wconf 95' lang='grc' dir='ltr'><strong><em>ο</em></strong></span> <span class='ocrx_word' id='word_1_301' title='bbox 724 3289 860 3359; x_wconf 84' lang='grc' dir='ltr'><strong><em>πάντων</em></strong></span> <span class='ocrx_word' id='word_1_302' title='bbox 876 3288 983 3358; x_wconf 87' lang='grc' dir='ltr'><strong><em>αίτιόν</em></strong></span> <span class='ocrx_word' id='word_1_303' title='bbox 1003 3291 1071 3357; x_wconf 88' lang='grc' dir='ltr'><strong><em>ε’στι</em></strong></span> 
     </span>
     <span class='ocr_line' id='line_1_33' title="bbox 70 3385 1084 3477; baseline -0.007 -19"><span class='ocrx_word' id='word_1_304' title='bbox 70 3394 196 3472; x_wconf 83' lang='grc' dir='ltr'><strong><em>κακῶν,</em></strong></span> <span class='ocrx_word' id='word_1_305' title='bbox 208 3395 334 3473; x_wconf 79' lang='grc' dir='ltr'><strong><em>μᾶλλον</em></strong></span> <span class='ocrx_word' id='word_1_306' title='bbox 344 3387 381 3458; x_wconf 72' lang='grc' dir='ltr'><strong><em>δὲ</em></strong></span> <span class='ocrx_word' id='word_1_307' title='bbox 390 3385 412 3474; x_wconf 79' lang='grc' dir='ltr'><em>ἡ</em></span> <span class='ocrx_word' id='word_1_308' title='bbox 422 3389 495 3473; x_wconf 73' lang='grc' dir='ltr'><strong><em>περὶ</em></strong></span> <span class='ocrx_word' id='word_1_309' title='bbox 507 3388 629 3458; x_wconf 79' lang='grc' dir='ltr'><strong><em>Ιτούτου</em></strong></span> <span class='ocrx_word' id='word_1_310' title='bbox 638 3385 716 3469; x_wconf 78' lang='grc' dir='ltr'><strong><em>ῶδὶς</em></strong></span> <span class='ocrx_word' id='word_1_311' title='bbox 730 3390 766 3457; x_wconf 84' lang='grc' dir='ltr'><strong><em>ἐν</em></strong></span> <span class='ocrx_word' id='word_1_312' title='bbox 775 3395 822 3477; x_wconf 70' lang='grc' dir='ltr'><strong><em>τῇ</em></strong></span> <span class='ocrx_word' id='word_1_313' title='bbox 829 3388 1084 3474; x_wconf 34' lang='lat' dir='ltr'><strong><em>332}quwa-</em></strong></span> 
     </span>
    </p>
   </div>
   <div class='ocr_carea' id='block_1_4' title="bbox 0 0 1213 3764">
    <p class='ocr_par' dir='ltr' id='par_1_5' title="bbox 0 0 1213 3764">
     <span class='ocr_line' id='line_1_34' title="bbox 0 0 1213 3764; baseline 0 0"><span class='ocrx_word' id='word_1_314' title='bbox 0 0 1213 3764; x_wconf 95' lang='lat' dir='ltr'><strong><em> </em></strong></span> 
     </span>
    </p>
   </div>
  </div>
 </body>
</html>
