2408 3764
142 208 207 274 210
453 208 838 270 ΠΡΟΛΕΓΟΜΕΝΑ
1117 220 1154 278 66

142 402 243 441 ναι
257 364 501 459 ούγδιρύγρύωρι
512 395 662 455 γραμματε
662 366 832 474 ίριέοικενὴ
844 367 999 476 χνυχὴκαύ
1012 367 1150 438 αύτόν-

71 491 86 523 0
143 459 416 559 συγκατατίθεσθαι
429 463 491 532 τοῖς
489 434 687 604 χ’λκγομίνοις,
699 452 805 519 τούτου
812 452 905 562 χάριν
915 455 1041 545 τοιούτῳ
1052 455 1154 541 τρόιτω

143 545 317 626 συγγραφῆς
328 535 476 645 ἐχρήσατο.
489 541 615 646 ἕβδομον
627 543 677 604 λ’να
687 536 753 603 οἰον
762 542 963 646 κρόσσχωρεν
962 550 1024 616 τοῖς
1020 522 1153 644 λεγομί-

142 652 243 709 νοις
213 651 254 689 τω
241 624 439 727 διαφορους
434 621 569 688 εἰναι
520 650 589 700 τους
601 625 746 707 λέγοντας,
753 626 805 688 καί
815 652 857 708 μη
846 620 963 701 ἑνδς”
946 649 1031 700 οντος
1042 619 1090 688 ιἰεἰ
1100 633 1154 691 τού

142 690 335 784 διδάσκοντος
344 705 410 773 οἷον
420 703 689 813 ύιτονυστιίξωμρν
683 708 735 771 καί
745 705 944 818 ούθωμερ,’
927 705 1000 814 ότερ
1010 713 1154 814 Αἰσχίνης

142 789 344 899 [ἐιρειιόνθηΓ
329 818 346 856 ο
356 789 453 876 ῥήτωρ
469 789 586 876 ιταριοδν
600 787 651 857 διδι
660 818 693 856 το
681 789 745 865 τίς
757 789 832 856 εἰναι
843 787 921 857 καὶὸ
932 787 1020 868 αύτδς
1031 819 1047 858 ο
1034 789 1153 897 λέγων

142 872 194 943 66'
210 872 302 980 ύρχῆς
318 874 388 980 ύχρι
402 877 503 952 τέλους
516 878 675 940 ιτέιτονθεν.
706 901 792 952 ουτος
804 903 862 960 γαρ
878 879 911 940 ἐν
924 871 1071 961 βηματι
1046 903 1091 941 ων
1101 880 1153 942 καί

141 965 235 1069 λίχων
247 956 335 1025 διδι
308 986 342 1025 το
337 985 395 1066 μη
382 955 700 1068 προσδιαλέγεσθαι
684 961 736 1023 καί
747 962 863 1048 ἐρωτᾶν
874 962 924 1025 καί
936 956 1150 1044 ἐρωτᾶσθαι’
1116 987 1151 1026 ου

140 1047 291 1149 διήγειρεν
297 1040 365 1121 τούς
376 1045 538 1150 ακροατάς,
555 1041 616 1107 666'
629 1040 700 1120 εἰς”
680 1067 777 1108 υιινου
771 1048 1014 1151 κατηνέχθησαν
1024 1049 1057 1109 οί
1066 1045 1151 1109 δικολ-

139 1137 251 1209 ζοντις·
273 1124 520 1233 διτιρέωροικδιςδ
533 1126 630 1212 ῥητωρ
641 1123 935 1236 ωηοίιιρδςαύτούς·
950 1125 1150 1233 γίνοιτοδμᾶς

139 1215 213 1301 ὄναρ
229 1208 354 1316 χρηστρν
376 1214 536 1297 ἑορακέναι
551 1214 619 1296 ιτερί
638 1236 691 1296 της
704 1215 796 1294 δίκης.
828 1206 928 1278 οίουν
940 1210 1150 1322 προσδιαλεγό-

139 1325 223 1401 μενοι
242 1292 294 1361 δια
308 1322 340 1360 το
329 1293 478 1399 ἐρωτᾷν
480 1299 531 1360 καί
550 1299 718 1381 ἐρωτᾶσθαι
735 1301 939 1403 διεγείρογται·
964 1297 1064 1380 ύμέλει
1076 1304 1148 1401 γοῦν

139 1379 223 1448 καλό
235 1376 478 1527 Ἀλκιχέλιύδης”
441 1384 534 1456 ουτως
551 1385 711 1488 διηγείρετο
725 1377 799 1465 πρὸς
815 1378 884 1458 τούς
901 1380 1008 1486 λόγους
1024 1380 1149 1485 Σωιρροί·

139 1493 223 1546 τους,
244 1490 283 1539 ως
300 1487 391 1527 ετιειν
407 1466 475 1546 περὶ
491 1459 583 1530 αύτοδ
598 1464 667 1546 ότι,’
678 1492 702 1528 ω
689 1455 938 1571 Σοκρατες,”
903 1492 996 1543 ουτως
1006 1491 1064 1548 μου
1075 1461 1147 1530 οἰνα-

138 1543 246 1636 ιτηδᾷ*
231 1575 251 1631 η
263 1550 374 1651 καρδία
381 1548 415 1611 ἐκ
424 1572 477 1610 του
463 1544 577 1651 λόγου
587 1556 640 1653 τρῦ
651 1555 721 1631 σού,
740 1547 880 1654 καθαπερ
891 1576 907 1614 ο
905 1554 1149 1655 ίκορυβαντιτδν-

139 1661 195 1716 τες,
203 1615 263 1697 καί
278 1628 407 1739 δακρρω.
430 1630 565 1697 τοιούτου
548 1629 638 1780 ίγδιρ
655 1637 682 1697 εἰ
702 1632 861 1718 δρύξονται
882 1629 1013 1714 εύφυοῦς
1030 1629 1149 1739 ρινδρός,

139 1722 254 1827 ἔχονται
275 1712 367 1821 αύτρύ
388 1714 509 1799 δίκην’
488 1720 562 1822 ργρί
559 1744 595 1794 ας
611 1720 726 1867 ἐχίδνρς
744 1716 960 1792 δυσαιτολύτως.
990 1714 1042 1781 διδι
1059 1725 1150 1782 ταῦτα

139 1828 198 1868 ουν
206 1829 304 1867 παντο
313 1827 346 1866 το
334 1797 528 1886 διαλογικδν
538 1800 663 1880 εἰδος
626 1829 678 1886 της
689 1805 840 1888 ἑρμηνείας
851 1798 1048 1904 ἐπετήδευσεν.

221 1897 297 1951 XVI.
319 1889 461 1990 Πίμιιτον
476 1889 523 1951 ἰιτί
536 1896 598 1964 τοῖς
613 1889 776 1972 εἰρημένοις
790 1882 955 1966 κεφάλαιον
969 1881 1150 1988 ζητησιρμεν,

138 1970 216 2036 ιτόοα
237 1965 351 2035 ἐστὶ
317 1996 355 2035 τα
379 1979 559 2037 σονιστῶντα
580 1974 703 2079 ρκαστον
724 1976 784 2034 τῶν
804 1967 968 2045 Πλάτωνος
990 1967 1097 2052 διαλόγ
1099 1998 1149 2073 ορ.

139 2057 257 2120 ἐιτελί
210 2081 243 2120 το
255 2082 312 2120 νυν
325 2046 592 2162 μεμαθηκαμενζ
573 2083 613 2133 ως
623 2082 639 2121 ο
625 2051 789 2161 διρίλογος
804 2050 913 2159 κόσμος
930 2054 989 2117 ἐστὶ
1007 2055 1082 2116 666‘
1064 2080 1087 2118 ·ο
1098 2053 1148 2118 κό-

139 2161 210 2244 ομρς
226 2139 400 2244 διύλργος,”
383 2159 439 2248 οσρι
449 2142 510 2206 ἐστί
520 2166 557 2205 τα
568 2147 750 2207 συνιστδιντα
760 2132 813 2204 τόν
823 2136 945 2243 κόρμον,
959 2145 1088 2202 τοσαῦτα
1098 2139 1149 2202 καί

137 2220 206 2300 τόδς
220 2223 375 2330 διαλόγοιρς
397 2222 568 2330 εὑρήσομεν.
601 2228 656 2290 εἰσί
669 2229 771 2290 τοίνυν
785 2224 817 2286 ἐν
831 2249 937 2328 τρι
860 2220 950 2310 δλρι
964 2219 1066 2309 κόσμῳ
1081 2220 1148 2304 ύλη,

138 2306 230 2388 εἶδος,
246 2306 335 2388 φύσις
345 2304 365 2411 δχ
376 2335 409 2373 το
397 2305 497 2384 εἶδος
508 2310 630 2373 ἐνθεῖσα
639 2334 675 2410 τη
661 2305 758 2409 ύλη,
770 2321 870 2409 τρυχη,
883 2287 953 2383 νοῦς
963 2310 1016 2372 καλ
1022 2305 1147 2413 θεότης·

137 2394 170 2457 ἐν
182 2394 215 2456 δέ
225 2415 266 2474 τρι
253 2390 409 2495 διαλόγῳ
425 2388 569 2495 οἰνριλογεῖ
573 2393 628 2494 μὲν
637 2416 675 2475 τη
661 2370 745 2475 ύλχχ
755 2385 792 2451 τδι
801 2388 945 2498 πρόσουρα
956 2394 1007 2455 καλ
1018 2387 1035 2456 6
1045 2388 1148 2500 χρόνρς

138 2469 213 2538 καὶ
201 2500 217 2537 ο
229 2471 326 2575 τόπος,
343 2465 409 2536 ἐν
385 2500 408 2558 ρι
423 2471 492 2549 τούς
507 2453 664 2577 διαλόγους
678 2451 831 2577 ἔγραψεν*
819 2499 835 2537 ο
846 2471 979 2540 Πλύτων
971 2503 987 2558 ,
1004 2472 1130 2540 6666
1089 2502 1148 2540 τον

137 2559 192 2666 μέρ
211 2554 378 2661 ιτροσύιτριν
389 2537 426 2621 ἐν
442 2558 530 2621 ιταντί
550 2552 679 2662 διαλόγω
696 2551 824 2622 ἐστιν’
794 2565 970 2662 ευτρορησαι,
993 2559 1099 2643 χρόνον
1117 2560 1149 2623 δέ

137 2643 189 2707 καὶ
204 2637 296 2705 τόιτον
312 2635 368 2705 ούκ
382 2642 512 2706 ε’νιιαντλ
526 2620 685 2747 δυναίμεθα
698 2641 807 2746 λέγειν·
831 2637 928 2748 δόσιιερ
940 2647 972 2708 ἐν
978 2648 1088 2746 Μίνριϊ
1097 2645 1150 2706 καὶ

137 2732 353 2833 Κλειτοφῶντι·
370 2728 516 2791 καὶτοῦτο
528 2721 757 2832 εἰκότως.ηγδιρ
769 2722 990 2834 κυρίωςύλητδι
1000 2723 1148 2810 πρόοωιτύ

139 2813 230 2913 ἐστιν,
248 2804 302 2893 ούχ
318 2806 448 2915 δχρόνος
464 2805 541 2873 καί
528 2834 544 2875 ο
555 2807 661 2886 τόιοος·
669 2808 778 2917 ιδσιτερ
795 2803 850 2877 οδν
867 2815 900 2877 ἐν
913 2820 973 2888 τοις
982 2810 1148 2913 γινομένοις

139 2888 291 3000 ἆνύγκχέ
276 2895 355 2958 ἐστὶν
345 2891 447 2998 ύλην
464 2890 541 2999 εἰνριι
557 2897 608 2959 καί
622 2893 730 2978 ταύτης
746 2891 880 2999 ιἰιτούσης
898 2894 937 2972 ὥς
955 2890 1018 2997 ἕγὸς
1028 2899 1088 2956 τῶν
1099 2900 1146 2961 αἰ·

138 2977 256 3041 τίων”
220 2999 309 3083 ρυσης
320 3003 356 3042 ου
345 2971 519 3062 ’γίνεται
491 3004 523 3045 το
533 2977 705 3087 γιγόμενον,
724 2977 827 3084 χρόνος
837 2982 870 3044 δὲ
881 2975 974 3044 ταδ’
942 3000 1029 3052 τοιτος
1041 2975 1094 3042 τὸν
1104 2971 1147 3043 ὧν

139 3055 195 3125 ούκ
217 3059 290 3127 νίνου
311 3058 400 3145 λόγον
420 3063 586 3214 ἐιτίχει,”
550 3092 643 3173 ορτρις
658 3064 825 3151 προσιόντων
842 3058 977 3128 ἆιτόντων
995 3056 1051 3126 ούκ
1068 3066 1148 3128 ἐστιν

139 3143 214 3222 ὅλως
226 3143 378 3229 διάλογος,
394 3146 519 3253 ἐχτειδὴέ
518 3178 537 3214 ν
546 3158 588 3238 τῷ
584 3146 711 3255 ὁρισμῷ
722 3173 775 3213 του
761 3146 926 3231 διαλόγου
937 3145 1120 3251 ἐλίχομεν,’
1103 3174 1147 3212 οτι

139 3231 173 3293 ἐκ
186 3236 304 3296 πολλων
316 3231 528 3337 τρρσοόιτωνρ
497 3236 511 3297 ἐ
530 3216 672 3341 ωτοόρτων
688 3214 739 3297 666
756 3233 951 3336 ἐρωτωμένου
964 3229 1147 3338 σύγκειταιδ

111 3313 293 3418 διάλογος·
320 3312 370 3380 διδι
386 3316 497 3423 ταύτην
511 3310 566 3383 ούν
579 3344 649 3424 την
648 3322 745 3383 αἰτίαν
746 3337 924 3421 ιτροσωιρων
935 3312 1034 3398 μέν’
1004 3323 1146 3421 ευπρροῦ-

66 3424 209 3544 hm:
216 3396 336 3482 χρόνον
351 3401 386 3466 δὲ
395 3400 490 3466 καί
457 3426 550 3468 τοιιου
563 3398 620 3468 ούκ
631 3397 684 3468 ἇεί.
702 3407 796 3466 ταῦτα
807 3393 882 3463 δί
850 3424 887 3464 τα
897 3399 1071 3485 ιτρόοοιιαη
1058 3396 1146 3464 ”m
