2422 3758
133 144 194 215 λετ
535 142 762 213 mmm„
857 154 862 165 ¹

132 310 305 398 όταντάχῃ
319 301 465 392 νοσάνῆ
476 302 558 373 ὅταν
574 302 744 390 ὑγιαίνων.
765 303 861 375 Ἀλλά
878 308 978 375 τοῦτό
993 305 1046 395 γ’,Ι
1058 315 1135 396 ἔφη,

132 409 173 478 οό
183 418 306 495 πολλῆς
316 405 405 486 τινός
420 415 478 491 τῆς
488 406 635 484 σκέψεως
643 408 757 472 δεῖται.
770 403 866 484 Ἴσως
874 407 949 493 γάρ,
960 400 1006 494 ἦν
1016 407 1043 475 δ’
1055 409 1135 495 ἐγω,

131 511 228 576 παντί
244 505 415 594 ἀνθρώπῳ
434 504 579 588 εὔπορον
596 508 731 588 γυωναι,
745 501 795 570 ὅτι
811 500 833 589 ἡ
848 511 909 572 τοῦ
925 503 1139 591 ὑγιαίνοντος

132 610 194 688 ἕξις
206 613 364 692 κρείττων
380 607 448 673 ἐστὶ
465 611 524 689 τῆς
541 610 602 671 τοῦ
622 602 822 688 κάμνοντος·
845 609 880 671 τί
899 609 967 684 δαίς
987 610 1135 692 ποτέρως

130 705 337 793 τυγχάνομεν
346 702 511 772 πλειόνων
519 728 554 769 τε
569 704 624 769 καί
634 709 761 787 μάλλον
778 707 1001 770 παντοδαπῶν
1018 706 1135 792 δεόμε-

94 814 97 819 ’
131 796 596 890 υοι,ὅταυκάμνωμευῆόταγ
605 798 1133 889 ὑγιαίνωμενςὍτανκάμνωμευ.

93 899 224 974 Ε”Οταν
234 899 298 985 άρα
309 897 404 967 αὐτοὶ
415 896 526 965 αὑτων
536 899 751 983 τυγχάνωμεν
767 899 959 982 φαυλότατα
970 905 1135 987 διακείμε·

130 1025 194 1085 νοι,
206 996 281 1066 τότε
292 997 424 1083 σφόδρα
435 1021 470 1062 τε
483 997 537 1062 καὶ
548 1001 721 1081 πλείστων,
733 995 773 1064 τά
785 997 868 1082 πρὸς
879 997 1001 1086 ἡδονάς
1011 997 1069 1078 τάς
1080 1001 1135 1068 διὰ

130 1103 190 1164 τοῦ
201 1096 361 1185 φάματος,
370 1098 407 1162 ἐν
417 1096 607 1177 ἐπιθυμίαις
617 1096 714 1160 τεκαὶ
722 1094 873 1178 δεήσεσίν
882 1101 996 1182 ἐσμεν,
1010 1098 1133 1177 Οὕτως.

214 1197 304 1260 XXX.
329 1189 467 1258 Οὐκοῦν
480 1188 562 1257 κατά
578 1187 638 1256 τὸν
655 1187 759 1257 αὐτόν
778 1192 889 1277 λόγον,
908 1192 1018 1281 ὥσπερ
1035 1194 1136 1274 αὐτὸς

131 1291 235 1360 αὑτοῦ
245 1289 319 1357 τότε
335 1295 486 1374 φαίνεται
504 1293 654 1374 βέλτιστα
668 1286 856 1373 ἔχων,,ὅταν
872 1292 1050 1374 ἐλαχίστων
1066 1299 1134 1360 των

130 1389 291 1457 τοιούτων
308 1389 429 1470 δέηται,
448 1382 537 1451 οὕτω
554 1386 657 1453 πάλιν
672 1389 727 1453 καί
740 1390 835 1454 δυοῖν
854 1384 976 1470 ὄντοιν,
989 1394 1019 1455 εί
1039 1388 1055 1454 ὁ
1075 1390 1135 1474 μὲν

129 1484 288 1570 τυγχάνοι
299 1481 432 1567 σφόδρα
439 1506 475 1548 τε
486 1483 541 1548 καὶ
552 1488 685 1548 πολλῶν
695 1485 732 1548 ε’ν
743 1484 903 1571 ἐπιθυμίᾳ
914 1509 949 1551 τε
960 1487 1015 1553 καί
1026 1487 1136 1571 δεήσει

131 1584 189 1668 div,
202 1579 220 1648 δ
233 1581 269 1648 δὲ
283 1578 405 1665 ὀλάεων
415 1605 450 1647 τε
459 1583 514 1647 καί
523 1577 669 1664 ἡσόχως;
692 1573 764 1646 οἷον
774 1579 814 1647 τά
832 1581 957 1648 τοιάδε·
983 1579 1056 1649 ὅσοι
1066 1590 1135 1650 τῶν

130 1677 322 1765 άνθροόπων
337 1677 539 1762 τυγχάνουσι
549 1679 706 1762 κυβευταί
718 1676 821 1762 ὄντες,
833 1681 868 1743 οί
878 1677 915 1744 δὲ
926 1678 1134 1767 οἰνόφλυγες,

35 1844 37 1849 ,
129 1772 784 1862 ἕτεροιδδγαστρίμαργοι-άπαυταγδρ
794 1781 898 1841 ταῦτα
909 1775 1009 1842 οὐδὲν
1021 1779 1135 1862 ἕτερον

129 1875 285 1961 τυγχάνει
295 1869 407 1960 όνταῆ
420 1876 601 1960 ἐπιθυμίαι.
622 1873 765 1959 Σφόδρα
781 1898 829 1958 γε.
846 1877 893 1940 Αί
912 1868 943 1940 δ’
962 1876 1135 1959 ἐπιθυμίαι

29 2013 42 2033 .
130 1981 232 2039 πᾶσαι
245 1971 345 2039 οὐδὲν
355 1975 469 2056 ἕτερον
479 1967 501 2058 ἢ
512 1976 637 2047 ἔνδειαί
644 1996 761 2040 τινων·
780 1975 816 2039 οί
826 1963 888 2038 οὖν
906 1979 1041 2038 πλείστα
1053 1971 1135 2038 τοό-

130 2095 198 2138 των
212 2069 418 2147 πεπονθότες
429 2067 653 2154 άνθρωποιέν
669 2073 899 2158 μοχθηροτίρᾳ
915 2070 980 2148 ἕξει
995 2071 1055 2136 είσλ
1066 2078 1135 2137 τῶν

61 2187 113 2244 406
130 2166 233 2254 μηδὲν
242 2163 266 2254 ἢ
276 2164 320 2247 οδς
331 2168 481 2254 ἐλάχιστα
492 2177 628 2238 τοιαῦτα
638 2167 875 2248 πεπονθότων;
891 2165 990 2236 Πάνυ
1000 2169 1061 2252 μὲν
1071 2160 1134 2235 οὖν

131 2271 233 2350 ἔγωγε
243 2269 298 2335 καί
304 2265 435 2360 σφόδρα
446 2265 898 2353 μοχθηροόςτοδςτοιοότους
908 2261 1135 2350 ὑπολαμβάνω

131 2361 229 2429 εἶναι·
252 2366 308 2432 καὶ
319 2363 387 2453 όσφ
399 2359 442 2432 άν
453 2371 580 2451 μᾶλλον
589 2363 770 2449 τοιούτους,
778 2361 928 2452 τοοοότφ
940 2365 994 2430 καί
1004 2372 1136 2448 μοχθη-

123 2463 296 2546 ροτέρους.
322 2461 458 2551 Οὐκοῦν
473 2467 567 2530 δοκεῖ
576 2460 656 2549 ἡμῖν
672 2461 732 2547 οὐχ
747 2456 879 2544 οἷόντε,
898 2461 1039 2546 χρήσιμα
1051 2459 1136 2528 εἶναι

131 2566 234 2627 ταῦτα
245 2558 329 2643 πρὸς
338 2567 448 2645 τοῦτο,
460 2559 542 2646 εἰμὴ
555 2559 772 2647 τυγχάνωμεν
782 2562 837 2627 καί
845 2557 996 2644 δεόμενοι
1006 2558 1135 2625 τούτων

128 2656 215 2742 ’πρὸς
232 2662 348 2738 τοῦτος
372 2663 470 2742 Φημί.
498 2657 693 2744 Ἀναγκαῖον
713 2657 790 2743 ἄρα,
813 2666 904 2740 είπερ
917 2658 1035 2741 »μέλλει
1056 2653 1135 2742 ἡμῖν

131 2755 273 2842 χρήσιμα
284 2753 368 2823 εἶναι
377 2759 481 2831 ταῦτα
488 2756 572 2843 πρὸς
582 2754 704 2835 τάςτοῦ
716 2754 865 2841 σώματος
876 2760 1056 2840 θεραπείας
1067 2762 1135 2821 τῶν

130 2857 278 2940 ἐνδειῶν,
290 2852 359 2941 άμα
369 2853 980 2941 καλδεῑσθαιὴμάςτοότωνπρὸςτοῦτο
991 2851 1135 2937 ς”Εμοιγε

133 2955 230 3021 δοκεῖ.
251 2947 391 3035 Οὐκοῦν
400 2950 466 3042 ότφ
477 2953 634 3039 τυγχάνει
643 2961 778 3021 πλείστα
796 2947 935 3037 χρήσιμα
952 2948 1034 3017 ὅντα
1050 2947 1135 3034 πρὸς

92 3056 239 3137 Βτοότο,
257 3039 355 3128 οὗτος
373 3044 417 3117 άν
439 3057 591 3138 φαίνοιτο
616 3053 671 3119 καί
692 3056 853 3117 πλείστων
876 3046 1032 3134 δεόμενος
1052 3041 1136 3128 πρὸς

129 3143 239 3232 τοῦτο,
255 3155 347 3230 είπερ
359 3144 486 3235 ἀνάγκη
497 3155 566 3216 τοῖν
577 3156 746 3234 χρησίμων
760 3146 895 3213 πάντων
905 3148 1134 3229 προσδεῖσθαι.

120 3237 253 3329 Ἔμοιγε
264 3249 359 3314 δοκεῖ
368 3244 457 3314 οὕτω
474 3253 665 3332 φαίνεσθαι.
689 3243 884 3331 Ἀναγκαῖον
900 3241 964 3323 άρα
983 3246 1137 3324 φαίνεται

129 3342 211 3407 κατά
227 3368 267 3424 γε
287 3350 409 3413 τοῦτον
427 3341 489 3413 τόν
505 3345 618 3431 λόγου,
630 3337 679 3423 οίς
694 3343 849 3430 τυγχάνει
864 3336 970 3408 πολλά
987 3338 1136 3425 χρήματα
