<?xml version="1.0" encoding="UTF-8"?>
<!DOCTYPE html PUBLIC "-//W3C//DTD XHTML 1.0 Transitional//EN"
    "http://www.w3.org/TR/xhtml1/DTD/xhtml1-transitional.dtd">
<html xmlns="http://www.w3.org/1999/xhtml" xml:lang="en" lang="en">
 <head>
  <title>
</title>
<meta http-equiv="Content-Type" content="text/html;charset=utf-8" />
  <meta name='ocr-system' content='tesseract 3.04.00' />
  <meta name='ocr-capabilities' content='ocr_page ocr_carea ocr_par ocr_line ocrx_word'/>
</head>
<body>
  <div class='ocr_page' id='page_1' title='image "./dialogisecundum04platgoog/dialogisecundum04platgoog_0135.png"; bbox 0 0 2408 3764; ppageno 0'>
   <div class='ocr_carea' id='block_1_1' title="bbox 76 158 782 247">
    <p class='ocr_par' dir='ltr' id='par_1_1' title="bbox 76 158 782 247">
     <span class='ocr_line' id='line_1_1' title="bbox 76 158 782 247; baseline -0.01 1"><span class='ocrx_word' id='word_1_1' title='bbox 76 158 78 162; x_wconf 66' lang='grc'>’</span> <span class='ocrx_word' id='word_1_2' title='bbox 131 183 175 247; x_wconf 90' lang='grc' dir='ltr'><strong><em>οο</em></strong></span> <span class='ocrx_word' id='word_1_3' title='bbox 443 182 562 241; x_wconf 76' lang='grc' dir='ltr'><strong><em>ποετ</em></strong></span> <span class='ocrx_word' id='word_1_4' title='bbox 580 180 782 245; x_wconf 67' lang='lat' dir='ltr'><strong><em>mm.</em></strong></span> 
     </span>
    </p>
   </div>
   <div class='ocr_carea' id='block_1_2' title="bbox 41 332 1179 3372">
    <p class='ocr_par' dir='ltr' id='par_1_2' title="bbox 41 332 1179 3372">
     <span class='ocr_line' id='line_1_2' title="bbox 217 332 1160 463; baseline -0.005 -50"><span class='ocrx_word' id='word_1_5' title='bbox 217 349 296 413; x_wconf 85' lang='lat' dir='ltr'><strong>VIII.</strong></span> <span class='ocrx_word' id='word_1_6' title='bbox 317 342 468 463; x_wconf 72' lang='grc' dir='ltr'><strong><em>Πότερον</em></strong></span> <span class='ocrx_word' id='word_1_7' title='bbox 484 332 553 408; x_wconf 89' lang='grc' dir='ltr'><strong><em>ούν·</em></strong></span> <span class='ocrx_word' id='word_1_8' title='bbox 563 338 902 462; x_wconf 80' lang='grc' dir='ltr'><strong><em>σπονδαιότερόνέστι</em></strong></span> <span class='ocrx_word' id='word_1_9' title='bbox 917 354 988 418; x_wconf 79' lang='grc' dir='ltr'><strong><em>ταῖς</em></strong></span> <span class='ocrx_word' id='word_1_10' title='bbox 1000 341 1137 408; x_wconf 83' lang='grc' dir='ltr'><strong><em>πόλεσιν</em></strong></span> <span class='ocrx_word' id='word_1_11' title='bbox 1158 356 1160 362; x_wconf 86' lang='grc'><strong>’</strong></span> 
     </span>
     <span class='ocr_line' id='line_1_3' title="bbox 132 431 1138 560; baseline -0.007 -46.993"><span class='ocrx_word' id='word_1_12' title='bbox 132 450 228 513; x_wconf 78' lang='grc' dir='ltr'><strong><em>ἵπποι</em></strong></span> <span class='ocrx_word' id='word_1_13' title='bbox 243 445 300 513; x_wconf 79' lang='grc' dir='ltr'><strong><em>ναί</em></strong></span> <span class='ocrx_word' id='word_1_14' title='bbox 319 439 419 518; x_wconf 75' lang='grc' dir='ltr'><strong><em>κύνες</em></strong></span> <span class='ocrx_word' id='word_1_15' title='bbox 435 437 558 524; x_wconf 78' lang='grc' dir='ltr'><strong><em>ἀγαθοί</em></strong></span> <span class='ocrx_word' id='word_1_16' title='bbox 573 440 629 506; x_wconf 82' lang='grc' dir='ltr'><strong><em>ιιαὶ</em></strong></span> <span class='ocrx_word' id='word_1_17' title='bbox 644 431 747 557; x_wconf 72' lang='grc' dir='ltr'><strong><em>τρίλλα</em></strong></span> <span class='ocrx_word' id='word_1_18' title='bbox 760 435 802 506; x_wconf 76' lang='grc' dir='ltr'><strong><em>τὰ</em></strong></span> <span class='ocrx_word' id='word_1_19' title='bbox 815 463 962 525; x_wconf 88' lang='grc' dir='ltr'><strong><em>τοιαντα,</em></strong></span> <span class='ocrx_word' id='word_1_20' title='bbox 978 465 1000 560; x_wconf 81' lang='grc' dir='ltr'><strong><em>η</em></strong></span> <span class='ocrx_word' id='word_1_21' title='bbox 987 432 1138 523; x_wconf 54' lang='lat' dir='ltr'><em>”moes</em></span> 
     </span>
     <span class='ocr_line' id='line_1_4' title="bbox 64 527 1137 627; baseline -0.014 -10"><span class='ocrx_word' id='word_1_22' title='bbox 64 561 116 616; x_wconf 79' lang='lat'><strong><em>379</em></strong></span> <span class='ocrx_word' id='word_1_23' title='bbox 133 545 271 627; x_wconf 82' lang='grc' dir='ltr'><strong><em>ύγαθοί;</em></strong></span> <span class='ocrx_word' id='word_1_24' title='bbox 280 538 419 620; x_wconf 83' lang='grc' dir='ltr'><strong><em>Ανδρες</em></strong></span> <span class='ocrx_word' id='word_1_25' title='bbox 430 535 564 621; x_wconf 88' lang='grc' dir='ltr'><strong><em>αγαθοί</em></strong></span> <span class='ocrx_word' id='word_1_26' title='bbox 588 527 681 603; x_wconf 91' lang='grc' dir='ltr'><strong><em>Τί</em></strong></span> <span class='ocrx_word' id='word_1_27' title='bbox 637 561 718 617; x_wconf 84' lang='grc' dir='ltr'><strong><em>ουν,</em></strong></span> <span class='ocrx_word' id='word_1_28' title='bbox 734 533 828 604; x_wconf 85' lang='grc' dir='ltr'><strong><em>οίει</em></strong></span> <span class='ocrx_word' id='word_1_29' title='bbox 804 562 858 620; x_wconf 91' lang='grc' dir='ltr'><strong><em>αν,</em></strong></span> <span class='ocrx_word' id='word_1_30' title='bbox 870 529 996 622; x_wconf 86' lang='grc' dir='ltr'><strong><em>είπερ</em></strong></span> <span class='ocrx_word' id='word_1_31' title='bbox 973 555 1062 622; x_wconf 89' lang='grc' dir='ltr'><strong><em>ησαν</em></strong></span> <span class='ocrx_word' id='word_1_32' title='bbox 1073 562 1137 622; x_wconf 83' lang='grc' dir='ltr'><strong><em>φο</em></strong></span> 
     </span>
     <span class='ocr_line' id='line_1_5' title="bbox 134 632 1137 755; baseline -0.007 -47"><span class='ocrx_word' id='word_1_33' title='bbox 134 661 201 718; x_wconf 81' lang='grc' dir='ltr'><strong><em>σεις</em></strong></span> <span class='ocrx_word' id='word_1_34' title='bbox 218 636 344 731; x_wconf 78' lang='grc' dir='ltr'><strong><em>ἀγαθαί</em></strong></span> <span class='ocrx_word' id='word_1_35' title='bbox 359 635 443 718; x_wconf 86' lang='grc' dir='ltr'><strong><em>πρὸς</em></strong></span> <span class='ocrx_word' id='word_1_36' title='bbox 460 632 585 755; x_wconf 77' lang='grc' dir='ltr'><strong><em>α’ρετην</em></strong></span> <span class='ocrx_word' id='word_1_37' title='bbox 600 633 803 722; x_wconf 77' lang='grc' dir='ltr'><strong><em>ἀνθρώπων,</em></strong></span> <span class='ocrx_word' id='word_1_38' title='bbox 815 633 879 701; x_wconf 88' lang='grc' dir='ltr'><strong><em>ούιι</em></strong></span> <span class='ocrx_word' id='word_1_39' title='bbox 893 661 937 702; x_wconf 92' lang='grc' dir='ltr'><strong><em>αν</em></strong></span> <span class='ocrx_word' id='word_1_40' title='bbox 952 632 1061 715; x_wconf 80' lang='grc' dir='ltr'><strong><em>πάντα</em></strong></span> <span class='ocrx_word' id='word_1_41' title='bbox 1077 659 1137 719; x_wconf 84' lang='grc' dir='ltr'><strong><em>με·</em></strong></span> 
     </span>
     <span class='ocr_line' id='line_1_6' title="bbox 133 727 1138 856; baseline -0.005 -52"><span class='ocrx_word' id='word_1_42' title='bbox 133 743 345 856; x_wconf 80' lang='grc' dir='ltr'><strong><em>μηχανησθαι</em></strong></span> <span class='ocrx_word' id='word_1_43' title='bbox 366 730 443 812; x_wconf 78' lang='grc' dir='ltr'><strong><em>τούς</em></strong></span> <span class='ocrx_word' id='word_1_44' title='bbox 463 730 673 853; x_wconf 67' lang='grc' dir='ltr'><strong><em>ἅνθρριπονη</em></strong></span> <span class='ocrx_word' id='word_1_45' title='bbox 694 731 779 801; x_wconf 85' lang='grc' dir='ltr'><strong><em>ω’σιε</em></strong></span> <span class='ocrx_word' id='word_1_46' title='bbox 801 732 1053 817; x_wconf 73' lang='grc' dir='ltr'><strong><em>διαγιγνώσκειν</em></strong></span> <span class='ocrx_word' id='word_1_47' title='bbox 1074 727 1138 799; x_wconf 83' lang='grc' dir='ltr'><strong><em>αύ-</em></strong></span> 
     </span>
     <span class='ocr_line' id='line_1_7' title="bbox 133 823 1138 950; baseline -0.004 -47"><span class='ocrx_word' id='word_1_48' title='bbox 133 836 209 917; x_wconf 82' lang='grc' dir='ltr'><strong><em>τός;</em></strong></span> <span class='ocrx_word' id='word_1_49' title='bbox 229 830 328 912; x_wconf 73' lang='grc' dir='ltr'><strong><em>Είιιός</em></strong></span> <span class='ocrx_word' id='word_1_50' title='bbox 342 856 390 950; x_wconf 82' lang='grc' dir='ltr'><strong><em>γε.</em></strong></span> <span class='ocrx_word' id='word_1_51' title='bbox 402 829 508 916; x_wconf 79' lang='grc' dir='ltr'><strong><em>Ἔχεις</em></strong></span> <span class='ocrx_word' id='word_1_52' title='bbox 524 823 587 905; x_wconf 80' lang='grc' dir='ltr'><strong><em>οὖν</em></strong></span> <span class='ocrx_word' id='word_1_53' title='bbox 600 831 676 899; x_wconf 74' lang='grc' dir='ltr'><strong><em>τινα</em></strong></span> <span class='ocrx_word' id='word_1_54' title='bbox 684 836 799 901; x_wconf 78' lang='grc' dir='ltr'><strong><em>είπεῑν</em></strong></span> <span class='ocrx_word' id='word_1_55' title='bbox 814 835 942 950; x_wconf 80' lang='grc' dir='ltr'><strong><em>τέχνην,</em></strong></span> <span class='ocrx_word' id='word_1_56' title='bbox 961 828 1033 916; x_wconf 79' lang='grc' dir='ltr'><strong><em>ἥτις</em></strong></span> <span class='ocrx_word' id='word_1_57' title='bbox 1049 831 1138 899; x_wconf 79' lang='grc' dir='ltr'><strong><em>ἐστίν</em></strong></span> 
     </span>
     <span class='ocr_line' id='line_1_8' title="bbox 41 926 1139 1017; baseline -0.007 -15"><span class='ocrx_word' id='word_1_58' title='bbox 41 968 45 973; x_wconf 65' lang='grc'>’</span> <span class='ocrx_word' id='word_1_59' title='bbox 133 935 261 1003; x_wconf 61' lang='lat' dir='ltr'><strong><em>mc</em></strong></span> <span class='ocrx_word' id='word_1_60' title='bbox 207 945 277 1010; x_wconf 77' lang='grc' dir='ltr'><strong><em>ταῖς</em></strong></span> <span class='ocrx_word' id='word_1_61' title='bbox 303 928 425 1017; x_wconf 83' lang='grc' dir='ltr'><strong><em>φύσεσι</em></strong></span> <span class='ocrx_word' id='word_1_62' title='bbox 449 941 520 1007; x_wconf 77' lang='grc' dir='ltr'><strong><em>ταῖς</em></strong></span> <span class='ocrx_word' id='word_1_63' title='bbox 546 953 615 994; x_wconf 85' lang='grc' dir='ltr'><strong><em>των</em></strong></span> <span class='ocrx_word' id='word_1_64' title='bbox 636 926 772 1012; x_wconf 75' lang='grc' dir='ltr'><strong><em>ἀνδροῖν</em></strong></span> <span class='ocrx_word' id='word_1_65' title='bbox 797 936 866 999; x_wconf 70' lang='grc' dir='ltr'><strong><em>τοῖν</em></strong></span> <span class='ocrx_word' id='word_1_66' title='bbox 885 926 1026 1012; x_wconf 82' lang='grc' dir='ltr'><strong><em>ύγαθων</em></strong></span> <span class='ocrx_word' id='word_1_67' title='bbox 1052 926 1139 995; x_wconf 81' lang='grc' dir='ltr'><strong><em>ἄπο-</em></strong></span> 
     </span>
     <span class='ocr_line' id='line_1_9' title="bbox 135 1023 1139 1116; baseline -0.007 -17"><span class='ocrx_word' id='word_1_68' title='bbox 135 1031 335 1116; x_wconf 84' lang='grc' dir='ltr'><strong><em>δεδειγμίνη,</em></strong></span> <span class='ocrx_word' id='word_1_69' title='bbox 349 1020 775 1107; x_wconf 76' lang='grc' dir='ltr'><strong><em>ύστεδύνασθαιαύτάςκρ</em></strong></span> <span class='ocrx_word' id='word_1_70' title='bbox 777 1032 875 1104; x_wconf 83' lang='grc' dir='ltr'><strong><em>ί;νειν</em></strong></span> <span class='ocrx_word' id='word_1_71' title='bbox 893 1023 1047 1110; x_wconf 79' lang='grc' dir='ltr'><strong><em>Ούιιέχω.</em></strong></span> <span class='ocrx_word' id='word_1_72' title='bbox 1072 1027 1139 1092; x_wconf 70' lang='grc' dir='ltr'><strong><em>Καὶ</em></strong></span> 
     </span>
     <span class='ocr_line' id='line_1_10' title="bbox 134 1113 1139 1240; baseline -0.007 -44"><span class='ocrx_word' id='word_1_73' title='bbox 134 1126 247 1214; x_wconf 77' lang='grc' dir='ltr'><strong><em>μενδή</em></strong></span> <span class='ocrx_word' id='word_1_74' title='bbox 261 1130 416 1194; x_wconf 81' lang='grc' dir='ltr'><strong><em>πλείστον</em></strong></span> <span class='ocrx_word' id='word_1_75' title='bbox 432 1116 476 1189; x_wconf 80' lang='grc' dir='ltr'><strong><em>όίν</em></strong></span> <span class='ocrx_word' id='word_1_76' title='bbox 492 1113 536 1207; x_wconf 79' lang='grc' dir='ltr'><strong><em>ἦν</em></strong></span> <span class='ocrx_word' id='word_1_77' title='bbox 555 1120 629 1202; x_wconf 82' lang='grc' dir='ltr'><strong><em>ἀξία</em></strong></span> <span class='ocrx_word' id='word_1_78' title='bbox 649 1126 739 1191; x_wconf 81' lang='grc' dir='ltr'><strong><em>καὶο</em></strong></span> <span class='ocrx_word' id='word_1_79' title='bbox 721 1119 1027 1240; x_wconf 76' lang='grc' dir='ltr'><strong><em>οίέηρντεςαύτήν·</em></strong></span> <span class='ocrx_word' id='word_1_80' title='bbox 1046 1115 1139 1191; x_wconf 81' lang='grc' dir='ltr'><strong><em>οὗτοι</em></strong></span> 
     </span>
     <span class='ocr_line' id='line_1_11' title="bbox 134 1218 1179 1342; baseline -0.005 -50"><span class='ocrx_word' id='word_1_81' title='bbox 134 1225 200 1342; x_wconf 81' lang='grc' dir='ltr'><strong><em>γὰρ</em></strong></span> <span class='ocrx_word' id='word_1_82' title='bbox 216 1220 259 1292; x_wconf 83' lang='grc' dir='ltr'><strong><em>όὶν</em></strong></span> <span class='ocrx_word' id='word_1_83' title='bbox 273 1221 353 1310; x_wconf 75' lang='grc' dir='ltr'><strong><em>ἡμῖν</em></strong></span> <span class='ocrx_word' id='word_1_84' title='bbox 373 1219 561 1306; x_wconf 81' lang='grc' dir='ltr'><strong><em>ἀπέφαινον</em></strong></span> <span class='ocrx_word' id='word_1_85' title='bbox 577 1226 644 1287; x_wconf 77' lang='grc' dir='ltr'><strong><em>τῶν</em></strong></span> <span class='ocrx_word' id='word_1_86' title='bbox 658 1221 744 1288; x_wconf 81' lang='grc' dir='ltr'><strong><em>νέων</em></strong></span> <span class='ocrx_word' id='word_1_87' title='bbox 760 1218 840 1298; x_wconf 78' lang='grc' dir='ltr'><strong><em>τούς</em></strong></span> <span class='ocrx_word' id='word_1_88' title='bbox 859 1221 1075 1305; x_wconf 78' lang='grc' dir='ltr'><strong><em>μέλλοντας’</em></strong></span> <span class='ocrx_word' id='word_1_89' title='bbox 1054 1246 1139 1306; x_wconf 88' lang='grc' dir='ltr'><strong><em>αγα-</em></strong></span> <span class='ocrx_word' id='word_1_90' title='bbox 1177 1262 1179 1266; x_wconf 80' lang='lat'><em>.</em></span> 
     </span>
     <span class='ocr_line' id='line_1_12' title="bbox 97 1315 1139 1405; baseline -0.002 -17"><span class='ocrx_word' id='word_1_91' title='bbox 97 1339 117 1388; x_wconf 81' lang='grc' dir='ltr'><strong><em>Β</em></strong></span> <span class='ocrx_word' id='word_1_92' title='bbox 134 1321 221 1400; x_wconf 79' lang='grc' dir='ltr'><strong><em>θούς</em></strong></span> <span class='ocrx_word' id='word_1_93' title='bbox 231 1323 394 1387; x_wconf 84' lang='grc' dir='ltr'><strong><em>ἔσεσθαι”</em></strong></span> <span class='ocrx_word' id='word_1_94' title='bbox 376 1345 423 1386; x_wconf 87' lang='grc' dir='ltr'><strong><em>ετι</em></strong></span> <span class='ocrx_word' id='word_1_95' title='bbox 437 1316 586 1398; x_wconf 75' lang='grc' dir='ltr'><strong><em>παῖδας”</em></strong></span> <span class='ocrx_word' id='word_1_96' title='bbox 565 1344 675 1404; x_wconf 80' lang='grc' dir='ltr'><strong><em>οντας,</em></strong></span> <span class='ocrx_word' id='word_1_97' title='bbox 687 1344 746 1396; x_wconf 82' lang='grc' dir='ltr'><strong><em>ονς</em></strong></span> <span class='ocrx_word' id='word_1_98' title='bbox 754 1345 800 1387; x_wconf 93' lang='grc' dir='ltr'><strong><em>αν</em></strong></span> <span class='ocrx_word' id='word_1_99' title='bbox 816 1315 909 1404; x_wconf 78' lang='grc' dir='ltr'><strong><em>ἡμεῖς</em></strong></span> <span class='ocrx_word' id='word_1_100' title='bbox 924 1318 1139 1405; x_wconf 78' lang='grc' dir='ltr'><strong><em>παραλαβόν-</em></strong></span> 
     </span>
     <span class='ocr_line' id='line_1_13' title="bbox 134 1413 1139 1504; baseline -0.006 -16"><span class='ocrx_word' id='word_1_101' title='bbox 134 1446 186 1500; x_wconf 79' lang='grc' dir='ltr'><strong><em>τες</em></strong></span> <span class='ocrx_word' id='word_1_102' title='bbox 196 1417 423 1504; x_wconf 76' lang='grc' dir='ltr'><strong><em>ἐφυλάττομεν</em></strong></span> <span class='ocrx_word' id='word_1_103' title='bbox 432 1419 470 1484; x_wconf 79' lang='grc' dir='ltr'><strong><em>ἐν</em></strong></span> <span class='ocrx_word' id='word_1_104' title='bbox 485 1414 662 1501; x_wconf 78' lang='grc' dir='ltr'><strong><em>ἀκροπόλει</em></strong></span> <span class='ocrx_word' id='word_1_105' title='bbox 678 1421 829 1504; x_wconf 77' lang='grc' dir='ltr'><strong><em>δημοσίᾳ,</em></strong></span> <span class='ocrx_word' id='word_1_106' title='bbox 848 1413 960 1502; x_wconf 73' lang='grc' dir='ltr'><strong><em>ὥσπερ</em></strong></span> <span class='ocrx_word' id='word_1_107' title='bbox 976 1414 1013 1502; x_wconf 78' lang='grc' dir='ltr'><strong><em>τό</em></strong></span> <span class='ocrx_word' id='word_1_108' title='bbox 1031 1415 1139 1500; x_wconf 80' lang='grc' dir='ltr'><strong><em>ἀργό-</em></strong></span> 
     </span>
     <span class='ocr_line' id='line_1_14' title="bbox 135 1512 1139 1602; baseline -0.004 -18"><span class='ocrx_word' id='word_1_109' title='bbox 135 1542 220 1602; x_wconf 93' lang='grc' dir='ltr'><strong><em>ριον,</em></strong></span> <span class='ocrx_word' id='word_1_110' title='bbox 241 1517 302 1582; x_wconf 79' lang='grc' dir='ltr'><strong><em>καί.</em></strong></span> <span class='ocrx_word' id='word_1_111' title='bbox 317 1514 446 1599; x_wconf 77' lang='grc' dir='ltr'><strong><em>μᾶλλόν</em></strong></span> <span class='ocrx_word' id='word_1_112' title='bbox 461 1541 504 1600; x_wconf 91' lang='grc' dir='ltr'><strong><em>τι,</em></strong></span> <span class='ocrx_word' id='word_1_113' title='bbox 525 1515 647 1601; x_wconf 79' lang='grc' dir='ltr'><strong><em>ἵναμή</em></strong></span> <span class='ocrx_word' id='word_1_114' title='bbox 668 1540 701 1582; x_wconf 89' lang='grc' dir='ltr'><strong><em>τι</em></strong></span> <span class='ocrx_word' id='word_1_115' title='bbox 721 1522 876 1601; x_wconf 81' lang='grc' dir='ltr'><strong><em>φλαῦρον</em></strong></span> <span class='ocrx_word' id='word_1_116' title='bbox 896 1512 975 1601; x_wconf 79' lang='grc' dir='ltr'><strong><em>ἡμῖν</em></strong></span> <span class='ocrx_word' id='word_1_117' title='bbox 993 1512 1139 1596; x_wconf 79' lang='grc' dir='ltr'><strong><em>πόθορεν</em></strong></span> 
     </span>
     <span class='ocr_line' id='line_1_15' title="bbox 135 1608 1156 1706; baseline 0.002 -27"><span class='ocrx_word' id='word_1_118' title='bbox 135 1612 216 1700; x_wconf 81' lang='grc' dir='ltr'><strong><em>μήτε</em></strong></span> <span class='ocrx_word' id='word_1_119' title='bbox 233 1614 270 1680; x_wconf 82' lang='grc' dir='ltr'><strong><em>ἐν</em></strong></span> <span class='ocrx_word' id='word_1_120' title='bbox 290 1611 378 1701; x_wconf 76' lang='grc' dir='ltr'><strong><em>μίγη</em></strong></span> <span class='ocrx_word' id='word_1_121' title='bbox 396 1613 479 1700; x_wconf 83' lang='grc' dir='ltr'><strong><em>μήτε</em></strong></span> <span class='ocrx_word' id='word_1_122' title='bbox 501 1613 538 1683; x_wconf 83' lang='grc' dir='ltr'><strong><em>ἐν</em></strong></span> <span class='ocrx_word' id='word_1_123' title='bbox 559 1611 647 1702; x_wconf 77' lang='grc' dir='ltr'><strong><em>ἄλλην</em></strong></span> <span class='ocrx_word' id='word_1_124' title='bbox 660 1613 777 1699; x_wconf 80' lang='grc' dir='ltr'><strong><em>μηδενὶ</em></strong></span> <span class='ocrx_word' id='word_1_125' title='bbox 792 1610 951 1702; x_wconf 76' lang='grc' dir='ltr'><strong><em>κινδύνῳ,</em></strong></span> <span class='ocrx_word' id='word_1_126' title='bbox 967 1608 1042 1681; x_wconf 81' lang='grc' dir='ltr'><strong><em>ἀλλ’</em></strong></span> <span class='ocrx_word' id='word_1_127' title='bbox 1056 1609 1156 1706; x_wconf 68' lang='grc' dir='ltr'><strong><em>εἰπέ-4</em></strong></span> 
     </span>
     <span class='ocr_line' id='line_1_16' title="bbox 134 1709 1139 1799; baseline 0.001 -21"><span class='ocrx_word' id='word_1_128' title='bbox 134 1735 243 1778; x_wconf 87' lang='grc' dir='ltr'><strong><em>ιιειντο</em></strong></span> <span class='ocrx_word' id='word_1_129' title='bbox 260 1717 301 1799; x_wconf 82' lang='grc' dir='ltr'><strong><em>τῇ</em></strong></span> <span class='ocrx_word' id='word_1_130' title='bbox 316 1709 410 1779; x_wconf 85' lang='grc' dir='ltr'><strong><em>πόλει</em></strong></span> <span class='ocrx_word' id='word_1_131' title='bbox 426 1713 569 1798; x_wconf 77' lang='grc' dir='ltr'><strong><em>σωτῆρές</em></strong></span> <span class='ocrx_word' id='word_1_132' title='bbox 585 1713 692 1781; x_wconf 78' lang='grc' dir='ltr'><strong><em>τεκαὶ</em></strong></span> <span class='ocrx_word' id='word_1_133' title='bbox 708 1709 885 1799; x_wconf 77' lang='grc' dir='ltr'><strong><em>εὐεργέται,</em></strong></span> <span class='ocrx_word' id='word_1_134' title='bbox 901 1709 1014 1798; x_wconf 80' lang='grc' dir='ltr'><strong><em>ἐπειδή</em></strong></span> <span class='ocrx_word' id='word_1_135' title='bbox 1033 1735 1073 1796; x_wconf 92' lang='grc' dir='ltr'><strong><em>γε</em></strong></span> <span class='ocrx_word' id='word_1_136' title='bbox 1094 1716 1139 1789; x_wconf 82' lang='grc' dir='ltr'><strong><em>εἰς</em></strong></span> 
     </span>
     <span class='ocr_line' id='line_1_17' title="bbox 135 1805 1140 1896; baseline -0.002 -20"><span class='ocrx_word' id='word_1_137' title='bbox 135 1805 519 1896; x_wconf 80' lang='grc' dir='ltr'><strong><em>τηνὴίιαίανόφίιιοντο.</em></strong></span> <span class='ocrx_word' id='word_1_138' title='bbox 549 1808 632 1879; x_wconf 76' lang='grc' dir='ltr'><em>ἀλλὰ</em></span> <span class='ocrx_word' id='word_1_139' title='bbox 647 1808 712 1896; x_wconf 82' lang='grc' dir='ltr'><strong><em>γὰρ</em></strong></span> <span class='ocrx_word' id='word_1_140' title='bbox 735 1809 924 1879; x_wconf 80' lang='grc' dir='ltr'><strong><em>κινδυνεύει</em></strong></span> <span class='ocrx_word' id='word_1_141' title='bbox 940 1807 1019 1877; x_wconf 88' lang='grc' dir='ltr'><strong><em>ούτε</em></strong></span> <span class='ocrx_word' id='word_1_142' title='bbox 1039 1809 1140 1896; x_wconf 89' lang='grc' dir='ltr'><strong><em>φύσει</em></strong></span> 
     </span>
     <span class='ocr_line' id='line_1_18' title="bbox 137 1905 1138 1996; baseline -0.001 -21"><span class='ocrx_word' id='word_1_143' title='bbox 137 1908 215 1978; x_wconf 80' lang='grc' dir='ltr'><strong><em>οὔτε</em></strong></span> <span class='ocrx_word' id='word_1_144' title='bbox 236 1908 380 1995; x_wconf 76' lang='grc' dir='ltr'><strong><em>μαθήσει</em></strong></span> <span class='ocrx_word' id='word_1_145' title='bbox 400 1905 421 1994; x_wconf 81' lang='grc' dir='ltr'><strong><em>ἡ</em></strong></span> <span class='ocrx_word' id='word_1_146' title='bbox 442 1905 540 1996; x_wconf 79' lang='grc' dir='ltr'><strong><em>ἆρετη</em></strong></span> <span class='ocrx_word' id='word_1_147' title='bbox 563 1923 631 1988; x_wconf 76' lang='grc' dir='ltr'><strong><em>τοῖς</em></strong></span> <span class='ocrx_word' id='word_1_148' title='bbox 652 1907 844 1993; x_wconf 71' lang='grc' dir='ltr'><strong><em>ἀνθρώποις</em></strong></span> <span class='ocrx_word' id='word_1_149' title='bbox 864 1914 1138 1993; x_wconf 76' lang='grc' dir='ltr'><strong><em>παραγίγνεσθαι.</em></strong></span> 
     </span>
     <span class='ocr_line' id='line_1_19' title="bbox 47 1998 1138 2094; baseline -0.003 -21"><span class='ocrx_word' id='word_1_150' title='bbox 47 2016 52 2027; x_wconf 80' lang='grc'><strong>“</strong></span> <span class='ocrx_word' id='word_1_151' title='bbox 135 2012 213 2084; x_wconf 79' lang='grc' dir='ltr'><strong><em>Πως</em></strong></span> <span class='ocrx_word' id='word_1_152' title='bbox 224 2030 288 2072; x_wconf 89' lang='grc' dir='ltr'><strong><em>ονν</em></strong></span> <span class='ocrx_word' id='word_1_153' title='bbox 296 1998 591 2094; x_wconf 80' lang='grc' dir='ltr'><strong><em>αν,οιΣωαρατες,</em></strong></span> <span class='ocrx_word' id='word_1_154' title='bbox 602 2028 656 2075; x_wconf 90' lang='grc' dir='ltr'><strong><em>σοι</em></strong></span> <span class='ocrx_word' id='word_1_155' title='bbox 667 2012 803 2077; x_wconf 83' lang='grc' dir='ltr'><strong><em>δοκονσι</em></strong></span> <span class='ocrx_word' id='word_1_156' title='bbox 813 2011 1045 2092; x_wconf 71' lang='grc' dir='ltr'><strong><em>γίγνεσθαι,</em></strong></span> <span class='ocrx_word' id='word_1_157' title='bbox 1014 2005 1138 2092; x_wconf 88' lang='grc' dir='ltr'><strong><em>εμη’τε</em></strong></span> 
     </span>
     <span class='ocr_line' id='line_1_20' title="bbox 102 2099 1137 2229; baseline -0.003 -55"><span class='ocrx_word' id='word_1_158' title='bbox 102 2099 239 2190; x_wconf 77' lang='grc' dir='ltr'><strong><em>δφύσει</em></strong></span> <span class='ocrx_word' id='word_1_159' title='bbox 256 2101 337 2229; x_wconf 77' lang='grc' dir='ltr'><strong><em>μήτε</em></strong></span> <span class='ocrx_word' id='word_1_160' title='bbox 358 2105 503 2226; x_wconf 80' lang='grc' dir='ltr'><strong><em>μαθήσει</em></strong></span> <span class='ocrx_word' id='word_1_161' title='bbox 524 2112 748 2191; x_wconf 68' lang='grc' dir='ltr'><strong><em>γίγνονταιςτ</em></strong></span> <span class='ocrx_word' id='word_1_162' title='bbox 729 2103 794 2174; x_wconf 89' lang='grc' dir='ltr'><strong><em>τ’ίν</em></strong></span> <span class='ocrx_word' id='word_1_163' title='bbox 816 2105 919 2174; x_wconf 78' lang='grc' dir='ltr'><strong><em>ἄλλον</em></strong></span> <span class='ocrx_word' id='word_1_164' title='bbox 939 2104 1072 2216; x_wconf 78' lang='grc' dir='ltr'><strong><em>τρόπον</em></strong></span> <span class='ocrx_word' id='word_1_165' title='bbox 1086 2111 1137 2189; x_wconf 86' lang='grc' dir='ltr'><strong><em>γί-</em></strong></span> 
     </span>
     <span class='ocr_line' id='line_1_21' title="bbox 138 2200 511 2294; baseline 0.003 -23"><span class='ocrx_word' id='word_1_166' title='bbox 138 2201 266 2288; x_wconf 85' lang='grc' dir='ltr'><strong><em>γνοιντ’</em></strong></span> <span class='ocrx_word' id='word_1_167' title='bbox 279 2229 322 2271; x_wconf 88' lang='grc' dir='ltr'><strong><em>αν</em></strong></span> <span class='ocrx_word' id='word_1_168' title='bbox 332 2228 363 2270; x_wconf 92' lang='grc' dir='ltr'><strong><em>οι</em></strong></span> <span class='ocrx_word' id='word_1_169' title='bbox 355 2200 511 2294; x_wconf 88' lang='grc' dir='ltr'><strong><em>αγαθοι</em></strong></span> 
     </span>
     <span class='ocr_line' id='line_1_22' title="bbox 221 2297 1140 2389; baseline 0 -21"><span class='ocrx_word' id='word_1_170' title='bbox 221 2305 271 2368; x_wconf 75' lang='lat' dir='ltr'><strong><em>lx</em></strong></span> <span class='ocrx_word' id='word_1_171' title='bbox 295 2299 395 2387; x_wconf 89' lang='grc' dir='ltr'><strong><em>Οιμαι</em></strong></span> <span class='ocrx_word' id='word_1_172' title='bbox 409 2300 528 2386; x_wconf 71' lang='grc' dir='ltr'><strong><em>μδν’</em></strong></span> <span class='ocrx_word' id='word_1_173' title='bbox 487 2327 551 2370; x_wconf 86' lang='grc' dir='ltr'><strong><em>ονιι</em></strong></span> <span class='ocrx_word' id='word_1_174' title='bbox 567 2297 611 2369; x_wconf 85' lang='grc' dir='ltr'><strong><em>όίν</em></strong></span> <span class='ocrx_word' id='word_1_175' title='bbox 627 2304 749 2389; x_wconf 71' lang='grc' dir='ltr'><strong><em>ῥηιδίως</em></strong></span> <span class='ocrx_word' id='word_1_176' title='bbox 764 2298 845 2369; x_wconf 86' lang='grc' dir='ltr'><strong><em>αύτό</em></strong></span> <span class='ocrx_word' id='word_1_177' title='bbox 864 2305 1066 2389; x_wconf 70' lang='grc' dir='ltr'><strong><em>δηλωθῆναι,</em></strong></span> <span class='ocrx_word' id='word_1_178' title='bbox 1082 2326 1140 2369; x_wconf 86' lang='grc' dir='ltr'><strong><em>το-</em></strong></span> 
     </span>
     <span class='ocr_line' id='line_1_23' title="bbox 138 2396 1140 2486; baseline 0.003 -21"><span class='ocrx_word' id='word_1_179' title='bbox 138 2396 226 2479; x_wconf 75' lang='grc' dir='ltr'><strong><em>πόζοι</em></strong></span> <span class='ocrx_word' id='word_1_180' title='bbox 238 2402 353 2484; x_wconf 82' lang='grc' dir='ltr'><strong><em>μέντοι</em></strong></span> <span class='ocrx_word' id='word_1_181' title='bbox 367 2399 464 2466; x_wconf 78' lang='grc' dir='ltr'><strong><em>θεῖόν</em></strong></span> <span class='ocrx_word' id='word_1_182' title='bbox 479 2424 511 2466; x_wconf 94' lang='grc' dir='ltr'><strong><em>τι</em></strong></span> <span class='ocrx_word' id='word_1_183' title='bbox 527 2400 668 2484; x_wconf 77' lang='grc' dir='ltr'><strong><em>μάλιστα</em></strong></span> <span class='ocrx_word' id='word_1_184' title='bbox 682 2397 766 2467; x_wconf 85' lang='grc' dir='ltr'><strong><em>είναι</em></strong></span> <span class='ocrx_word' id='word_1_185' title='bbox 779 2396 816 2466; x_wconf 88' lang='grc' dir='ltr'><strong><em>τδ</em></strong></span> <span class='ocrx_word' id='word_1_186' title='bbox 834 2406 940 2485; x_wconf 82' lang='grc' dir='ltr'><strong><em>κτῆμα</em></strong></span> <span class='ocrx_word' id='word_1_187' title='bbox 957 2402 1013 2470; x_wconf 82' lang='grc' dir='ltr'><strong><em>καὶ</em></strong></span> <span class='ocrx_word' id='word_1_188' title='bbox 1029 2408 1140 2486; x_wconf 87' lang='grc' dir='ltr'><strong><em>γίγνε·</em></strong></span> 
     </span>
     <span class='ocr_line' id='line_1_24' title="bbox 138 2493 1144 2582; baseline 0.001 -18"><span class='ocrx_word' id='word_1_189' title='bbox 138 2506 220 2564; x_wconf 89' lang='grc' dir='ltr'><strong><em>σθαι</em></strong></span> <span class='ocrx_word' id='word_1_190' title='bbox 236 2493 315 2573; x_wconf 81' lang='grc' dir='ltr'><strong><em>τούς</em></strong></span> <span class='ocrx_word' id='word_1_191' title='bbox 335 2493 488 2578; x_wconf 79' lang='grc' dir='ltr'><strong><em>ἀγαθούς</em></strong></span> <span class='ocrx_word' id='word_1_192' title='bbox 503 2493 614 2578; x_wconf 77' lang='grc' dir='ltr'><strong><em>ὥσπερ</em></strong></span> <span class='ocrx_word' id='word_1_193' title='bbox 634 2499 669 2562; x_wconf 87' lang='grc' dir='ltr'><strong><em>οί</em></strong></span> <span class='ocrx_word' id='word_1_194' title='bbox 682 2504 771 2563; x_wconf 75' lang='grc' dir='ltr'><strong><em>θεῖοι</em></strong></span> <span class='ocrx_word' id='word_1_195' title='bbox 785 2502 853 2563; x_wconf 79' lang='grc' dir='ltr'><strong><em>τῶν</em></strong></span> <span class='ocrx_word' id='word_1_196' title='bbox 865 2496 1021 2582; x_wconf 81' lang='grc' dir='ltr'><strong><em>μόντεοιν</em></strong></span> <span class='ocrx_word' id='word_1_197' title='bbox 1037 2501 1093 2566; x_wconf 79' lang='grc' dir='ltr'><strong><em>καί</em></strong></span> <span class='ocrx_word' id='word_1_198' title='bbox 1110 2501 1144 2565; x_wconf 74' lang='lat' dir='ltr'><strong><em>ol</em></strong></span> 
     </span>
     <span class='ocr_line' id='line_1_25' title="bbox 137 2584 1142 2688; baseline 0.003 -28"><span class='ocrx_word' id='word_1_199' title='bbox 137 2591 367 2680; x_wconf 81' lang='grc' dir='ltr'><strong><em>χρησμοίόγρι.</em></strong></span> <span class='ocrx_word' id='word_1_200' title='bbox 393 2584 486 2661; x_wconf 79' lang='grc' dir='ltr'><strong><em>οὗτοι</em></strong></span> <span class='ocrx_word' id='word_1_201' title='bbox 503 2591 567 2678; x_wconf 76' lang='grc' dir='ltr'><strong><em>γὰρ</em></strong></span> <span class='ocrx_word' id='word_1_202' title='bbox 590 2591 666 2661; x_wconf 84' lang='grc' dir='ltr'><strong><em>ούτε</em></strong></span> <span class='ocrx_word' id='word_1_203' title='bbox 685 2593 789 2688; x_wconf 65' lang='grc' dir='ltr'><strong><em>4φύσει</em></strong></span> <span class='ocrx_word' id='word_1_204' title='bbox 805 2602 951 2665; x_wconf 85' lang='grc' dir='ltr'><strong><em>τοιοῦτοι</em></strong></span> <span class='ocrx_word' id='word_1_205' title='bbox 970 2604 1142 2682; x_wconf 91' lang='grc' dir='ltr'><strong><em>γίγνονται</em></strong></span> 
     </span>
     <span class='ocr_line' id='line_1_26' title="bbox 139 2689 1142 2781; baseline -0.003 -22"><span class='ocrx_word' id='word_1_206' title='bbox 139 2691 215 2760; x_wconf 88' lang='grc' dir='ltr'><strong><em>ούτε</em></strong></span> <span class='ocrx_word' id='word_1_207' title='bbox 225 2695 332 2781; x_wconf 78' lang='grc' dir='ltr'><strong><em>τέχνη,</em></strong></span> <span class='ocrx_word' id='word_1_208' title='bbox 344 2689 418 2759; x_wconf 77' lang='grc' dir='ltr'><strong><em>ἀλλ’</em></strong></span> <span class='ocrx_word' id='word_1_209' title='bbox 436 2695 568 2758; x_wconf 82' lang='grc' dir='ltr'><strong><em>ἔπιπνοι</em></strong></span> <span class='ocrx_word' id='word_1_210' title='bbox 584 2694 621 2759; x_wconf 80' lang='grc' dir='ltr'><strong><em>διε</em></strong></span> <span class='ocrx_word' id='word_1_211' title='bbox 637 2699 705 2759; x_wconf 70' lang='grc' dir='ltr'><strong><em>τοῖν</em></strong></span> <span class='ocrx_word' id='word_1_212' title='bbox 715 2700 809 2761; x_wconf 71' lang='grc' dir='ltr'><strong><em>θεοῖν</em></strong></span> <span class='ocrx_word' id='word_1_213' title='bbox 821 2696 1011 2780; x_wconf 87' lang='grc' dir='ltr'><strong><em>γιγνόμενοι</em></strong></span> <span class='ocrx_word' id='word_1_214' title='bbox 1026 2701 1142 2757; x_wconf 86' lang='grc' dir='ltr'><strong><em>τοιοῦ-</em></strong></span> 
     </span>
     <span class='ocr_line' id='line_1_27' title="bbox 138 2787 1142 2878; baseline -0.001 -21"><span class='ocrx_word' id='word_1_215' title='bbox 138 2796 192 2858; x_wconf 90' lang='grc' dir='ltr'><strong><em>τοί</em></strong></span> <span class='ocrx_word' id='word_1_216' title='bbox 200 2795 298 2858; x_wconf 90' lang='grc' dir='ltr'><strong><em>είσιν·</em></strong></span> <span class='ocrx_word' id='word_1_217' title='bbox 318 2787 407 2862; x_wconf 85' lang='grc' dir='ltr'><strong><em>ούτοι</em></strong></span> <span class='ocrx_word' id='word_1_218' title='bbox 424 2790 532 2856; x_wconf 77' lang='grc' dir='ltr'><strong><em>δὲκαὶ</em></strong></span> <span class='ocrx_word' id='word_1_219' title='bbox 549 2793 585 2856; x_wconf 88' lang='grc' dir='ltr'><strong><em>οί</em></strong></span> <span class='ocrx_word' id='word_1_220' title='bbox 595 2787 714 2878; x_wconf 79' lang='grc' dir='ltr'><strong><em>ἄνδρες</em></strong></span> <span class='ocrx_word' id='word_1_221' title='bbox 730 2796 766 2860; x_wconf 76' lang='grc' dir='ltr'><strong><em>οἱ</em></strong></span> <span class='ocrx_word' id='word_1_222' title='bbox 782 2790 906 2878; x_wconf 78' lang='grc' dir='ltr'><strong><em>ἀγαθοί</em></strong></span> <span class='ocrx_word' id='word_1_223' title='bbox 925 2793 1060 2875; x_wconf 81' lang='grc' dir='ltr'><strong><em>λέγουσι</em></strong></span> <span class='ocrx_word' id='word_1_224' title='bbox 1069 2803 1142 2869; x_wconf 79' lang='grc' dir='ltr'><strong><em>ταῖς</em></strong></span> 
     </span>
     <span class='ocr_line' id='line_1_28' title="bbox 138 2883 1142 2976; baseline 0 -22"><span class='ocrx_word' id='word_1_225' title='bbox 138 2886 275 2957; x_wconf 85' lang='grc' dir='ltr'><strong><em>πόλεσιν</em></strong></span> <span class='ocrx_word' id='word_1_226' title='bbox 289 2887 443 2956; x_wconf 76' lang='grc' dir='ltr'><strong><em>ἑκάστοτε</em></strong></span> <span class='ocrx_word' id='word_1_227' title='bbox 458 2885 498 2956; x_wconf 80' lang='grc' dir='ltr'><strong><em>τοὶ</em></strong></span> <span class='ocrx_word' id='word_1_228' title='bbox 516 2883 750 2976; x_wconf 77' lang='grc' dir='ltr'><strong><em>ἀποβησόμενα</em></strong></span> <span class='ocrx_word' id='word_1_229' title='bbox 763 2894 818 2959; x_wconf 80' lang='grc' dir='ltr'><strong><em>καί</em></strong></span> <span class='ocrx_word' id='word_1_230' title='bbox 833 2888 873 2957; x_wconf 79' lang='grc' dir='ltr'><strong><em>τὰ</em></strong></span> <span class='ocrx_word' id='word_1_231' title='bbox 889 2892 1050 2973; x_wconf 80' lang='grc' dir='ltr'><strong><em>μέλλοντα</em></strong></span> <span class='ocrx_word' id='word_1_232' title='bbox 1068 2889 1142 2954; x_wconf 76' lang='grc' dir='ltr'><strong><em>ἔσε-</em></strong></span> 
     </span>
     <span class='ocr_line' id='line_1_29' title="bbox 98 2986 1142 3078; baseline -0.002 -20"><span class='ocrx_word' id='word_1_233' title='bbox 98 3009 119 3058; x_wconf 82' lang='grc' dir='ltr'><strong><em>Ι)</em></strong></span> <span class='ocrx_word' id='word_1_234' title='bbox 139 2996 220 3061; x_wconf 88' lang='grc' dir='ltr'><strong><em>σθαι</em></strong></span> <span class='ocrx_word' id='word_1_235' title='bbox 231 2991 267 3055; x_wconf 81' lang='grc' dir='ltr'><strong><em>ἐκ</em></strong></span> <span class='ocrx_word' id='word_1_236' title='bbox 277 2994 365 3057; x_wconf 82' lang='grc' dir='ltr'><strong><em>θεοῦ</em></strong></span> <span class='ocrx_word' id='word_1_237' title='bbox 373 2992 543 3070; x_wconf 77' lang='grc' dir='ltr'><strong><em>ἐπιπνοίας</em></strong></span> <span class='ocrx_word' id='word_1_238' title='bbox 551 2991 639 3062; x_wconf 81' lang='grc' dir='ltr'><strong><em>ποίν</em></strong></span> <span class='ocrx_word' id='word_1_239' title='bbox 654 3000 782 3078; x_wconf 78' lang='grc' dir='ltr'><strong><em>μᾶλλον</em></strong></span> <span class='ocrx_word' id='word_1_240' title='bbox 797 2992 853 3059; x_wconf 80' lang='grc' dir='ltr'><strong><em>ναί</em></strong></span> <span class='ocrx_word' id='word_1_241' title='bbox 867 2986 1142 3074; x_wconf 76' lang='grc' dir='ltr'><strong><em>ἐναργέστερον</em></strong></span> <span class='ocrx_word' id='word_1_242' title='bbox 1117 3019 1139 3078; x_wconf 95' lang='grc' dir='ltr'><strong><em>η</em></strong></span> 
     </span>
     <span class='ocr_line' id='line_1_30' title="bbox 140 3085 1142 3204; baseline 0.005 -53"><span class='ocrx_word' id='word_1_243' title='bbox 140 3110 171 3204; x_wconf 80' lang='grc' dir='ltr'><strong><em>ρι</em></strong></span> <span class='ocrx_word' id='word_1_244' title='bbox 163 3089 377 3204; x_wconf 77' lang='grc' dir='ltr'><strong><em>χρησμῳδοί.</em></strong></span> <span class='ocrx_word' id='word_1_245' title='bbox 399 3090 533 3174; x_wconf 79' lang='grc' dir='ltr'><strong><em>λέγουσι</em></strong></span> <span class='ocrx_word' id='word_1_246' title='bbox 546 3092 584 3158; x_wconf 86' lang='grc' dir='ltr'><strong><em>δέ</em></strong></span> <span class='ocrx_word' id='word_1_247' title='bbox 599 3114 665 3158; x_wconf 92' lang='grc' dir='ltr'><strong><em>πον</em></strong></span> <span class='ocrx_word' id='word_1_248' title='bbox 681 3090 790 3157; x_wconf 79' lang='grc' dir='ltr'><strong><em>ααίί</em></strong></span> <span class='ocrx_word' id='word_1_249' title='bbox 752 3115 774 3154; x_wconf 92' lang='grc' dir='ltr'><strong><em>α</em></strong></span> <span class='ocrx_word' id='word_1_250' title='bbox 803 3101 959 3173; x_wconf 77' lang='grc' dir='ltr'><strong><em>γοναῑιιες</em></strong></span> <span class='ocrx_word' id='word_1_251' title='bbox 979 3085 1030 3156; x_wconf 81' lang='grc' dir='ltr'><strong><em>ὅτι</em></strong></span> <span class='ocrx_word' id='word_1_252' title='bbox 1046 3097 1142 3168; x_wconf 72' lang='grc' dir='ltr'><strong><em>θειομ</em></strong></span> 
     </span>
     <span class='ocr_line' id='line_1_31' title="bbox 140 3173 1141 3272; baseline 0.007 -25"><span class='ocrx_word' id='word_1_253' title='bbox 140 3179 225 3266; x_wconf 75' lang='grc' dir='ltr'><strong><em>ἀνὴρ</em></strong></span> <span class='ocrx_word' id='word_1_254' title='bbox 243 3173 340 3262; x_wconf 80' lang='grc' dir='ltr'><strong><em>οὗτός</em></strong></span> <span class='ocrx_word' id='word_1_255' title='bbox 361 3187 445 3259; x_wconf 77' lang='grc' dir='ltr'><strong><em>ἐστι·</em></strong></span> <span class='ocrx_word' id='word_1_256' title='bbox 472 3188 528 3256; x_wconf 77' lang='grc' dir='ltr'><strong><em>καί</em></strong></span> <span class='ocrx_word' id='word_1_257' title='bbox 543 3183 835 3272; x_wconf 79' lang='grc' dir='ltr'><strong><em>Λακεδαιμόνιοι”</em></strong></span> <span class='ocrx_word' id='word_1_258' title='bbox 815 3211 896 3255; x_wconf 88' lang='grc' dir='ltr'><strong><em>οταν</em></strong></span> <span class='ocrx_word' id='word_1_259' title='bbox 907 3184 981 3254; x_wconf 79' lang='grc' dir='ltr'><strong><em>τινὰ</em></strong></span> <span class='ocrx_word' id='word_1_260' title='bbox 997 3195 1141 3272; x_wconf 79' lang='grc' dir='ltr'><strong><em>μεγαλο-</em></strong></span> 
     </span>
     <span class='ocr_line' id='line_1_32' title="bbox 139 3283 1140 3372; baseline 0.01 -28"><span class='ocrx_word' id='word_1_261' title='bbox 139 3287 272 3361; x_wconf 85' lang='grc' dir='ltr'><strong><em>πρεπως</em></strong></span> <span class='ocrx_word' id='word_1_262' title='bbox 284 3283 450 3370; x_wconf 78' lang='grc' dir='ltr'><strong><em>ἐπαινῶσι,</em></strong></span> <span class='ocrx_word' id='word_1_263' title='bbox 462 3294 560 3353; x_wconf 76' lang='grc' dir='ltr'><strong><em>θετον</em></strong></span> <span class='ocrx_word' id='word_1_264' title='bbox 570 3285 678 3371; x_wconf 75' lang='grc' dir='ltr'><strong><em>ἄνδρα</em></strong></span> <span class='ocrx_word' id='word_1_265' title='bbox 688 3287 792 3369; x_wconf 82' lang='grc' dir='ltr'><strong><em>φασίν</em></strong></span> <span class='ocrx_word' id='word_1_266' title='bbox 808 3283 900 3353; x_wconf 77' lang='grc' dir='ltr'><strong><em>εἶναι.</em></strong></span> <span class='ocrx_word' id='word_1_267' title='bbox 923 3292 1092 3372; x_wconf 80' lang='grc' dir='ltr'><strong><em>πολλαχοῦ</em></strong></span> <span class='ocrx_word' id='word_1_268' title='bbox 1102 3286 1140 3354; x_wconf 72' lang='grc' dir='ltr'><strong><em>δὲ</em></strong></span> 
     </span>
    </p>
   </div>
   <div class='ocr_carea' id='block_1_3' title="bbox 0 0 1211 3764">
    <p class='ocr_par' dir='ltr' id='par_1_3' title="bbox 0 0 1211 3764">
     <span class='ocr_line' id='line_1_33' title="bbox 0 0 1211 3764; baseline 0 0"><span class='ocrx_word' id='word_1_269' title='bbox 0 0 1211 3764; x_wconf 95' lang='lat' dir='ltr'><strong><em> </em></strong></span> 
     </span>
    </p>
   </div>
  </div>
 </body>
</html>
