2408 3764
57 214 91 271 6
193 178 289 265 ΓΗΣ
308 204 941 268 666666626160206166
1007 208 1070 273 611

57 365 221 476 στημονικά
246 348 325 433 ἐστιν
327 359 654 469 ἢόρδοδοξριστικδιῆ
670 362 796 471 άμαθῆ·
818 370 872 434 κοιλ
893 367 1006 476 αμαθη
1016 396 1072 478 την

58 450 195 536 ολπλην”
174 478 301 556 αγνοιριν
317 444 485 553 άγνοοῦντοι
501 441 523 530 6
538 472 594 551 666
611 444 750 532 διπλῆν”
726 477 749 554 η
766 447 820 533 τὴν
837 459 975 558 μεγίστην
985 481 1005 558 η
1016 481 1072 537 την

57 534 243 622 σοφιστικήν.
263 531 342 615 διπλῆ
353 521 458 637 μδγ
421 557 476 597 ουν
488 527 592 594 ἐστίν’
574 536 707 614 αμαθία,
723 560 797 599 οταν
807 562 850 614 τις
861 565 956 642 ργνοη
943 543 1033 603 τοδε
1043 543 1072 604 66

56 619 134 687 εἶναι
150 648 201 685 και
191 616 333 684 οἷδεν”
314 643 361 682 οτι
375 611 492 721 άγνοεῖ·
514 619 604 696 διπλῆ
620 615 734 681 ἐστίν’
713 643 789 684 οταν
799 616 878 683 μαλ’
860 648 963 726 αγνοη
943 620 1033 687 τόδε
1043 626 1071 688 τί

56 703 133 772 εἶναι
145 699 243 769 καλ
198 731 248 807 μη
251 699 412 806 γινάσκη
401 697 447 765 666
457 693 569 802 άγγοεῖ,
582 699 621 776 63
633 720 725 782 φησιν
736 704 769 765 ἐν
778 707 916 806 Φαίδρρο·
927 732 964 770 ου
954 701 1069 772 ’6666-

57 817 112 872 μοι
133 784 210 854 κατά
231 782 264 850 66
283 781 435 866 Δελφικὸν
440 780 571 883 γράμμα
590 791 709 888 γνῶναι
724 783 863 892 ἒμριυτόν·
897 794 1016 893 μεγίστη
1038 785 1069 856 δ’

56 873 170 980 666666
155 867 303 953 ’ἔστιν,”
287 896 358 934 οταν
368 870 420 932 καλ
431 862 528 953 άγνοη
513 869 590 933 καλ
601 865 709 933 666st
693 894 738 933 οτι
749 864 864 975 άγνοιῖ,
873 871 1070 955 κρατούμενος

58 955 121 1024 δΗ
106 959 165 1022 υπὸ
184 981 237 1020 666
223 950 372 1028 πάθους
392 978 444 1017 του
431 953 594 1054 66666666
615 947 809 1058 δργμοπος’
774 979 831 1019 ουκ
845 948 1055 1064 666666666
1018 984 1070 1040 της

57 1046 169 1116 οίκείας
180 1032 316 1140 6660663·
333 1057 491 1118 σοφιστικη
479 1029 526 1100 δ’
541 1035 769 1141 ἐσιδοίμαν,
762 1035 833 1104 6666
845 1034 949 1139 άγνοῇ
950 1040 1006 1142 μέν
1017 1065 1070 1122 τις,

57 1125 170 1210 σπεύδη
192 1124 225 1193 δὲ
238 1118 289 1226 666
310 1125 560 1228 πιθανολορίας
541 1117 769 1202 ἕπικαλύψαι
739 1148 795 1204 την
809 1120 956 1187 οἰκείαν”
936 1149 1070 1228 αγνοτοιν

56 1216 151 1313 66666
168 1201 250 1271 6666
270 1225 415 1309 προσοοπα
436 1229 503 1269 ουτε
517 1202 615 1288 πάντη
630 1202 827 1312 κίκτηνραι
799 1232 832 1272 το
833 1203 1011 1311 ἱστορικόν
1034 1202 1069 1272 ού
1178 1218 1184 1227 “

56 1290 161 1378 γάρ
132 1287 170 1355 66
184 1286 283 1355 καί
251 1317 288 1354 τοι
271 1287 463 1394 μικρότατα
482 1285 565 1392 εἶχεν
573 1293 673 1354 ίστο
674 1311 724 1355 σαι
739 1317 755 1356 ο
743 1287 917 1396 Πλάτρον,
940 1286 1043 1356 οἴοιτ’
1025 1315 1070 1357 οτι

57 1364 279 1457 συνέκαμψε
250 1399 283 1477 66
301 1368 431 1449 σκέλος
419 1399 435 1438 ο
454 1369 631 1475 Σρικράτης·
652 1368 764 1438 αλλ’
734 1372 801 1440 ούτε
821 1372 918 1440 πάντα
935 1382 1070 1479 πλασμα-

56 1458 136 1542 τύδη
152 1453 279 1524 ἐστίν
246 1483 284 1560 66
301 1453 417 1542 περί
384 1483 421 1521 τοι
437 1453 594 1559 πρόσοκτα·
615 1453 652 1524 66
663 1454 722 1564 γάρ
736 1455 775 1523 66
785 1455 978 1542 ἐκέκτηντο
950 1485 983 1525 το
994 1455 1068 1541 άλη-

55 1546 124 1620 θές·
147 1537 223 1608 άλλά
239 1537 277 1606 66
295 1544 337 1618 είς
355 1535 418 1618 ἓνος
427 1566 601 1627 πράγματος
616 1537 766 1622 αποδειξιν
775 1550 978 1610 συντείνοντα
994 1545 1068 1646 λέγει

58 1623 112 1694 δ’ὁ
124 1623 256 1692 Πλατοιν
257 1629 358 1729 δίκην
371 1632 431 1690 τῶν
441 1629 594 1731 γραφεοον
590 1636 650 1693 τῶν
661 1631 859 1736 ίκλεγομέιροιν
869 1655 905 1693 τα
895 1622 1068 1709 ἐπιτήδεια

57 1710 195 1817 χρώματα
211 1706 301 1814 πρὸς
301 1706 365 1786 ἑνός
382 1713 479 1814 666663
492 1738 621 1815 γραφην.
646 1720 774 1777 τοσαῦτα
784 1715 984 1816 μὲνπερλτῶν
994 1735 1066 1813 προ-

57 1795 179 1863 σύκων·
205 1798 236 1860 ἐν
249 1791 345 1899 γρόνρρ
367 1796 400 1859 66
413 1789 482 1898 τούς
503 1795 659 1879 διαλόγους
674 1790 863 1874 63666666’
828 1821 865 1860 ου
884 1822 925 1880 τρο
940 1793 1067 1898 τυχόντι,

58 1876 126 1946 ἄλλ’
142 1869 212 1983 ἐν
179 1908 211 1984 ρο
224 1877 404 1983 πανηγύρεις
418 1900 496 1961 ησαν
511 1881 591 1942 καλ
576 1881 673 1984 εορταλ
687 1886 746 1944 6636
760 1887 857 1981 θεῶν,
874 1876 973 1943 ἵνα
940 1904 1004 1945 τοτε
1013 1905 1067 1982 66-

57 1960 179 2049 θάπερ
167 1944 256 2066 ύμγοι
267 1957 460 2071 άυυμνώντριι
470 1965 520 2026 καλ
505 1961 731 2068 κηρύττωγτορι
740 1988 777 2026 τα
765 1957 1050 2071 ουγγροίμματα’
1012 1990 1067 2028 αυ-

57 2058 117 2114 666.
142 2043 221 2112 ἕν
186 2074 244 2133 γαρ
258 2055 322 2121 ταῖς
338 2049 451 2131 εὀρτοιις
465 2043 612 2129 εἰάθαμεν
626 2043 694 2123 6663
706 2044 819 2148 ύμνους
832 2050 940 2150 λέγειν·
958 2041 1067 2128 άμὲλετ

56 2134 132 2237 6666
151 2136 275 2213 Τίμαιον
291 2131 345 2210 μὲν
362 2132 395 2193 ἐν
410 2138 472 2204 τοῖς
483 2132 699 2206 Βενδιδίοις-
657 2125 841 2217 -6‘66666'
862 2128 997 2236 αύτης
954 2135 997 2205 τίς
1008 2131 1067 2194 ἐστι

56 2211 151 2298 τῆ’ςΑ
153 2216 386 2299 ρτὲμιδοςέντοι
366 2220 697 2326 11666666-1163
667 2209 856 2320 μενίδηνδέ
856 2221 1066 2290 ντοῑςΠανα-

57 2302 155 2380 θηυαί
154 2323 197 2374 οις
214 2279 374 2402 ἐξέδωκεν,
389 2324 439 2363 666
430 2300 541 2363 αλλον
551 2301 585 2364 ἐν
595 2297 697 2387 άλλη
682 2306 776 2405 εορτῇ.
801 2306 929 2364 τοσαῦτα
939 2300 990 2362 καλ
1001 2299 1067 2400 περὶ

57 2389 111 2448 666
132 2380 253 2465 χρόνον·
279 2377 371 2447 τόπον
386 2383 418 2448 δὲ
432 2380 534 2448 άλλοτε
555 2381 645 2450 άλλον
666 2383 783 2491 εἰσάγει
789 2391 850 2459 τοῖς
866 2386 952 2460 ίδίοις
966 2381 1067 2448 διαλό

56 2493 130 2552 γοις
153 2472 257 2543 ζῶντος
265 2462 363 2570 μίν
328 2493 386 2553 γαρ
396 2465 575 2575 Σωγράτους
589 2471 622 2534 ἐν
632 2479 696 2546 6663
704 2465 860 2579 Ἀθηναις
860 2464 984 2535 ἐποιεῖτο
993 2463 1066 2568 666-

58 2579 126 2654 663
126 2556 186 2614 τῶν
202 2547 363 2655 διαλόγοαν,
378 2549 527 2629 θανόντος
542 2549 572 2618 δ’
589 2549 682 2620 66606
687 2549 795 2634 ούκὲτι
808 2547 860 2618 ἕν’
853 2551 998 2656 Αθήναις
1016 2544 1069 2615 666

57 2631 90 2701 66
100 2628 249 2743 άναξίορς
264 2630 405 2738 ηγεῖσδοιι
418 2631 615 2744 Ἀθηνριίους
617 2647 677 2705 τῶν
694 2642 811 2704 οἰκείων
827 2635 938 2738 λόγοιγ·
967 2630 1068 2737 άμέλει

57 2728 132 2805 γοῦν
146 2714 178 2783 66
194 2720 248 2801 μὲν
253 2717 432 2824 Συμπόσιον
446 2722 528 2785 ἐν
492 2747 528 2809 τη
541 2717 715 2825 Ἀγάθωνος
729 2726 809 2808 οἰκία
824 2718 993 2802 ἐποιήσατο,
1012 2742 1067 2798 την

57 2808 218 2870 Πολιτείαν
233 2796 263 2868 δ’
280 2805 312 2866 ἐν
327 2828 368 2891 τρο
355 2802 572 2915 Πειρρριεῑ,
545 2832 596 2870 τον
613 2809 645 2871 δὲ
664 2812 808 2910 Φαῖδρον
819 2806 851 2868 ἐν
870 2830 912 2890 τρι
898 2809 1067 2883 Νυμφῶν

59 2884 176 2992 ίερρι,
148 2915 200 2952 τον
211 2889 244 2952 δὲ
256 2868 424 2991 Τίμριιόν’
391 2913 446 2953 ουκ
457 2891 490 2952 ἕν
500 2915 559 2953 τινι
568 2916 679 3000 μερικρι
690 2887 780 2994 τόπρρ,
791 2881 852 2951 ἄλλ’
865 2868 900 2951 ἔν’
907 2885 1000 2967 πόλει,
1015 2885 1067 2948 κοιλ

60 2970 149 3038 άλλον
161 2975 193 3036 ἕν
204 2970 283 3060 άλλρι
293 2969 383 3061 τόπρο.
415 2980 541 3078 τοοριύτα
552 3000 602 3037 και
593 2969 702 3040 666
674 3000 727 3039 τον
736 2969 837 3037 τόπον

143 3065 231 3121 XVII.
256 3065 356 3159 T6666
354 3037 477 3165 μὲν
442 3083 497 3122 ουν
495 3052 711 3165 άνριλογούσιν
727 3054 799 3166 ύλργ·
816 3049 898 3160 τροδ’
911 3048 1065 3120 εἴδειᾶνοι-

59 3137 169 3242 λογεῖὁ
187 3138 379 3249 ηαρακτηρ·
371 3131 503 3218 ούτοςδ’
520 3137 679 3248 ηάδρδς”
658 3171 678 3227 η
695 3135 834 3225 ἰσχνὸς
813 3123 962 3224 ημικτός,
980 3139 1067 3203 καιεί

59 3223 172 3333 μικκός,
190 3254 210 3308 η
226 3253 302 3291 κατα
321 3233 429 3311 κρᾶσιν
444 3221 465 3308 ἢ
483 3223 557 3293 6666
571 3226 748 3315 παράδοσιν
766 3227 941 3310 κίγρηταιδ
931 3252 944 3289 ε
960 3249 1001 3311 τοι
1013 3222 1066 3303 μὲν

60 3307 144 3396 διδρρι
160 3312 193 3374 ἐν
203 3319 458 3415 τοῖςδεολογικοῖς
469 3310 629 3397 διαλόγοις,
647 3340 688 3420 τρο
675 3313 769 3378 “6
742 3313 777 3377 δ*
794 3315 883 3395 6366
895 3311 926 3374 ἐν
936 3287 997 3383 τοῖς
1013 3305 1065 3370 άλ-

59 3402 124 3469 δθίί
140 3392 296 3478 (διαλόγοις,
313 3395 490 3479 μιμούμενος
505 3399 537 3462 ίν
551 3407 588 3486 τῇ
603 3393 761 3486 φράσοντά
775 3397 945 3547 πράὲροιτα·
962 3383 1066 3472 6666
1045 3417 1132 3548 τι.
