2422 3758
483 195 718 249 Parnasum.
1096 215 1131 251 xr

49 341 131 393 altius
152 336 238 403 repeti
255 350 363 386 neoeaae
380 340 433 398 eat,
449 349 499 398 quo
516 334 594 401 plura
610 334 672 386 mihi
690 337 716 386 in
730 335 771 385 his
788 334 830 385 vel
848 348 906 384 meo
917 335 1016 399 judicio
1031 337 1072 388 rel
1089 353 1135 388 uo-

50 425 146 463 rorum
171 407 294 457 codicum
318 404 436 455 subsidio
457 404 526 455 velut
544 405 576 454 ab
594 405 694 470 integro
711 404 812 471 agenda
829 403 940 456 luerunt.
978 405 1048 465 Quae
1065 409 1135 458 enim

51 482 101 530 hac
127 475 277 543 appendice
298 473 481 539 comprehendi
501 473 644 524 studiorum
666 474 774 524 cadente
797 474 932 540 graecitate
954 474 982 524 in
1002 475 1134 527 Platonem

52 549 210 600 collatorum
225 550 402 604 monumenta,
423 556 511 592 eorum
531 544 643 608 primum
659 544 735 592 modo
753 558 783 593 uo
800 542 877 609 plane
893 543 971 609 paulo
989 553 1062 606 ante,
1085 545 1134 597 hac

10 620 12 629 '
52 622 114 684 ipsa
127 616 244 668 editione
267 613 322 663 iere
347 612 479 671 absoluta,
508 612 655 676 inopinatae
678 611 755 662 saluti
786 613 914 663 redditum
937 620 991 674 est,
1016 615 1134 675 alterum,

52 689 106 738 nisi
122 699 185 751 spes
204 698 247 733 ma
268 681 351 745 fallit,
374 681 480 732 eandem
500 695 568 731 nnnc
590 681 692 731 domum
710 683 885 746 recuperavit,
909 697 957 733 neo
971 684 1074 735 tertium
1093 700 1133 734 me

53 759 81 806 in
98 755 265 820 superiorum
292 752 436 802 criticorum
454 765 534 816 opera
551 751 713 813 acquiescere
735 763 840 814 passum
864 757 915 811 eat;
943 750 1026 815 quarti
1048 760 1133 803 autem

53 839 124 874 nuno
136 825 250 888 primum
261 821 448 885 maximopere
460 820 560 884 prodit,
576 820 651 884 cujus
665 819 785 884 deinceps
798 819 907 883 amplior
918 822 983 871 ratio
997 823 1133 883 reddetur;

55 897 117 959 ipsa
135 893 247 954 denique
261 889 366 941 Scholia
382 898 407 939 et
422 887 519 938 Timaei
534 887 703 954 glossarium,
730 889 847 950 quamvis
864 887 1056 941 saluberrimam
1071 891 1133 942 olim

54 961 218 1020 Ruhnkenii,
246 974 330 1025 nuper
347 958 524 1008 Turicensium
542 972 628 1008 curam
646 966 764 1022 experta,
783 964 913 1007 externam
931 966 998 1008 certe
1013 959 1131 1023 lorrnam,

54 1045 107 1093 qua
135 1029 179 1080 bic
197 1028 286 1079 induta
310 1027 455 1094 prodeunt,
479 1027 520 1078 vel
547 1026 669 1092 explicari
690 1025 733 1076 rel
754 1026 870 1077 namuri
889 1026 986 1077 volunt.
1024 1029 1131 1080 Albinus

57 1101 155 1167 igitur,
172 1112 248 1160 quem
263 1105 289 1148 et
308 1105 379 1153 aetas
397 1103 423 1146 et
437 1104 613 1161 argumentum
630 1097 714 1161 primo
731 1096 787 1146 loon
805 1095 869 1161 poni
878 1095 971 1159 jussit,
988 1098 1131 1161 prinoipem

57 1169 188 1219 editorem
199 1167 285 1216 habuit
302 1167 427 1216 Joauuem
445 1165 578 1215 albertum
593 1165 752 1228 Fabricium,
770 1167 815 1228 qui
829 1164 898 1214 illius
914 1156 954 1221 εἰς
969 1155 1037 1222 τούς
1055 1159 1132 1216 Πλά-

57 1249 156 1292 τωνος
173 1226 318 1299 διαλόγους
337 1226 496 1298 εἰσαγωγήν
508 1248 575 1284 anno
587 1233 655 1284 1707
667 1250 699 1284 ex
714 1234 802 1284 codice
812 1232 976 1284 llolstenieno
992 1235 1018 1284 in
1036 1233 1132 1285 Biblio-

59 1307 155 1355 thecae
172 1302 280 1354 Graecae
298 1304 357 1354 Vol.
374 1305 407 1354 ΙΙ.
432 1318 460 1369 p.
481 1304 586 1355 44-50
601 1303 744 1365 transtulit,
771 1304 840 1353 unde
854 1304 984 1367 posterius
1001 1319 1017 1353 u
1033 1305 1132 1355 loanne

58 1374 189 1425 Friderico
206 1372 323 1423 Fischero
338 1388 396 1423 cum
410 1380 518 1436 quatuor
533 1373 623 1438 primis
640 1372 753 1423 Platonis
770 1372 880 1438 dialogis
897 1371 968 1437 Lipa.
987 1372 1056 1424 1783
1075 1382 1099 1423 et
1117 1389 1133 1424 a

59 1443 202 1493 Christiano
210 1441 316 1492 Daniele
324 1441 418 1493 Bechio
429 1444 455 1491 in
466 1441 548 1492 ironte
559 1442 680 1492 editionis
689 1441 900 1492 Tanohnitsianae
912 1441 979 1493 1813
986 1440 1024 1508 (p.
1031 1442 1131 1508 9-15)

58 1515 168 1577 repetita
177 1512 298 1578 plurimis
308 1519 393 1561 tamen
412 1511 454 1561 rel
468 1511 639 1577 negligentiae
652 1511 693 1560 rel
711 1511 867 1576 oonuptelae
882 1510 990 1562 maculis
1003 1513 1132 1574 sordebat,

59 1578 140 1632 donec
165 1581 275 1632 eandem
296 1596 379 1646 nuper
404 1578 460 1634 Gar.
478 1581 539 1634 Ern.
559 1580 617 1630 Chr.
637 1578 806 1631 Schneiderns
824 1581 851 1629 in
867 1579 1016 1630 Scholarum
1031 1581 1130 1632 hibern.

57 1667 83 1701 a.
100 1651 173 1701 1852
193 1651 278 1701 iudice
297 1649 492 1700 vratislavieusi
515 1666 547 1701 ex
570 1649 759 1716 elegantissimo
783 1651 870 1700 codice
888 1650 1074 1701 Lnbooricenai
1094 1653 1131 1701 ita

58 1719 220 1770 emendatam
236 1720 332 1779 edidit,
354 1726 384 1768 nt
405 1725 430 1768 et
447 1735 549 1780 eornm,
575 1734 640 1782 qnae
658 1720 713 1784 ipse
730 1721 807 1770 modo
825 1733 939 1769 meorum
957 1721 1131 1770 subsidiorum

59 1805 107 1854 ope
124 1791 325 1854 constituissem,
344 1787 482 1853 plurimam
492 1797 592 1854 partem
610 1788 768 1839 confirmaret
787 1796 812 1838 et
829 1795 921 1853 suopte
935 1789 1051 1838 acumine
1068 1803 1130 1840 non·

57 1858 135 1908 nullis
160 1858 224 1908 lonis
253 1858 384 1924 egregiam
412 1857 495 1908 lucem
519 1857 668 1911 affunderet.
708 1859 738 1908 Id
760 1859 949 1922 ipsum'tamen
967 1871 1018 1920 quo
1036 1858 1131 1908 clarius

57 1925 1130 2062 intimaultimatitillattitillatorii?ortissu

281 2033 288 2056 t

58 2078 299 2129 meorum·quoque
322 2066 438 2116 codicum
458 2067 588 2125 lectiones,
608 2080 715 2128 quaram
730 2067 833 2130 quidem
852 2064 957 2128 aliquod
970 2074 1130 2116 momentum

59 2144 108 2197 est,
120 2134 257 2201 diligenter
268 2135 426 2199 perscribam
438 2136 578 2199 eademque
591 2149 669 2200 opera
682 2136 732 2185 duo
744 2136 845 2185 illorum
855 2150 952 2201 genera
964 2135 1129 2200 distinguam,

59 2210 164 2266 quornm
180 2218 215 2253 ne
231 2202 401 2254 Schneiderus
417 2205 520 2267 quidem
536 2205 614 2255 ullam
632 2204 747 2254 notitiam
758 2205 999 2255 habuisaeridetnr.
1023 2205 1052 2254 Id
1062 2204 1130 2254 enim

36 2318 39 2327 ,
61 2273 224 2339 principium,
241 2274 270 2323 in
287 2287 337 2336 quo
352 2273 567 2324 etHolateniauus
586 2281 610 2323 et
623 2274 820 2325 Lobcoricensis
831 2274 1001 2332 consentiunt,
1019 2289 1051 2323 ex
1065 2273 1130 2323 meis

59 2357 120 2392 unus
136 2348 240 2392 tantum
257 2350 343 2393 serrat
360 2343 510 2393 Pariaiensia
526 2342 610 2406 2290,
629 2342 966 2406 quemGarolusMrillerns,
987 2344 1062 2408 cuius
1074 2344 1130 2408 jam

59 2413 174 2476 superins
190 2418 217 2461 et
233 2411 417 2462 humanitatem
435 2418 460 2462 et
478 2411 640 2479 diligentiam
655 2414 740 2479 dignis
758 2413 878 2463 laudibus
895 2420 1047 2478 prosecutus
1062 2427 1129 2473 sum,

59 2480 160 2530 infimae
179 2483 273 2531 aetatis
289 2482 382 2532 librum
403 2497 460 2531 oum
479 2483 595 2532 l'abrioio
615 2481 667 2531 lere
691 2483 847 2533 adverbum
871 2483 1008 2532 convenire
1029 2489 1129 2541 ουτω

59 2549 217 2613 reliquium
233 2566 267 2600 ex
285 2551 332 2610 iia,
352 2566 417 2613 quae
435 2550 512 2602 huius
528 2553 578 2601 tria
607 2553 673 2601 rima
690 2555 776 2616 capite
792 2553 934 2612 continent,
950 2551 1015 2603 haec
1031 2559 1130 2601 tantum

60 2618 194 2696 exhibente
220 2611 237 2667 ὁ
257 2610 390 2682 διάλογός
407 2609 465 2669 ἐστι
478 2611 560 2685 λόγος
578 2565 607 2679 l}
626 2611 787 2685 ἐρωτήσεως
801 2617 850 2670 καλ
868 2611 1046 2685 ἀποκρίσεως
1065 2631 1130 2682 σογ-

58 2684 186 2751 κελμονος
205 2701 286 2745 τινος
307 2685 364 2737 τοῖν
382 2687 535 2739 πολιτικῶν
553 2685 601 2738 καὶ
620 2682 787 2756 φιλοσόφων
802 2681 975 2755 πραγμάτων
991 2679 1061 2753 μετὰ
1079 2684 1130 2750 τῆς

57 2747 224 2821 πρεπούσης
246 2748 407 2821 albocuriae
425 2755 484 2809 reio
507 2755 806 2826 παραλαμβανομένων
828 2750 991 2823 προσοίκων
1011 2751 1130 2820 καὶτῆς

56 2816 129 2874 κατὰ
147 2817 226 2886 λέξιν
246 2824 436 2892 κατασκευῆς,
455 2835 515 2893 post
532 2843 597 2890 quae
612 2828 650 2877 sio
667 2831 753 2878 statim
769 2835 892 2893 pergunt:
917 2815 1131 2875 occulimur

54 2888 247 2960 χαρακτήρων
263 2892 316 2946 τοῦ
334 2888 485 2962 διαλόγου,
507 2887 687 2961 ὑφηγητικοῦ
706 2892 756 2946 καὶ
777 2891 940 2960 ζητητικοῦ,
956 2885 973 2945 ὁ
988 2886 1041 2960 μὲν
1055 2885 1131 2959 ὑφη-

53 2955 173 3029 γητικὸς
198 2954 343 3030 ἥρμοσται
368 2980 395 3016 κ.
413 2981 439 3021 τ.
455 2966 496 3030 1.,
521 2967 597 3016 unde·
611 2980 662 3016 non
684 2967 787 3016 mutilos
802 2966 848 3016 sed
867 2964 983 3016 consulto
1001 2965 1132 3016 breviatos

52 3050 113 3084 esse
131 3035 233 3097 liquido
251 3045 373 3101 apparet,
405 3037 483 3099 idque
506 3035 641 3085 consilium
661 3037 737 3086 etiam
758 3034 848 3085 titulus
870 3035 972 3100 prodit,
999 3049 1050 3097 quo
1078 3034 1129 3085 duo

52 3118 145 3154 eorum
163 3118 217 3154 uon
234 3097 372 3170 εἰσαγωγὴ
389 3106 435 3157 sed
453 3099 520 3170 κιρλ
537 3101 589 3169 τῆς
603 3095 708 3164 τάξεως
720 3100 826 3172 βίβλων
843 3101 901 3153 τόν
919 3095 1073 3161 Πλάτωνος
1088 3102 1130 3152 vei

48 3170 111 3222 τῶν
127 3168 248 3240 βιβλίων
269 3172 327 3223 τῶν
346 3171 537 3224 Πλατωνικῶν
560 3175 738 3228 inscribuntur.
779 3175 873 3224 Eorum
887 3174 951 3223 alter
969 3181 1008 3223 est
1024 3173 1130 3237 Lugdu·

47 3244 145 3292 nensis
165 3241 292 3312 Μενοῦν.
311 3246 390 3296 Voss.
406 3244 437 3304 Q.
456 3244 503 3306 133
521 3244 595 3309 cujus
614 3243 782 3310 apographon
797 3244 913 3310 Eugeuio
930 3242 1052 3308 hlehlero,
1073 3240 1129 3291 offi-

49 3311 218 3363 ciosissimae
238 3313 389 3364 eruditionis
408 3316 480 3376 viro,
501 3322 633 3381 acceptum
654 3312 755 3376 reiero,
779 3313 843 3364 alter
864 3312 1028 3375 Basilieuais,
1055 3309 1131 3372 cujus

47 3396 135 3444 quum
155 3380 184 3429 in
201 3380 289 3432 Jahnii
307 3381 404 3433 Archiv
424 3384 452 3437 T.
471 3382 539 3435 xlv.
561 3398 589 3451 p.
610 3383 663 3437 104
683 3384 842 3439 martianam
852 3383 1033 3441 interiissem,
1047 3376 1144 3429 aeria·

47 3449 138 3508 chine
157 3463 231 3509 sm
246 3449 352 3500 Mor&
367 3465 443 3503 mm
456 3455 580 3519 nomino,
600 3459 787 3526 promtissima
805 3456 933 3512 comitate
947 3468 1029 3507 meos
1043 3450 1079 3498 'm
1091 3454 1166 3493 W*
