<?xml version="1.0" encoding="UTF-8"?>
<!DOCTYPE html PUBLIC "-//W3C//DTD XHTML 1.0 Transitional//EN"
    "http://www.w3.org/TR/xhtml1/DTD/xhtml1-transitional.dtd">
<html xmlns="http://www.w3.org/1999/xhtml" xml:lang="en" lang="en">
 <head>
  <title>
</title>
<meta http-equiv="Content-Type" content="text/html;charset=utf-8" />
  <meta name='ocr-system' content='tesseract 3.04.00' />
  <meta name='ocr-capabilities' content='ocr_page ocr_carea ocr_par ocr_line ocrx_word'/>
</head>
<body>
  <div class='ocr_page' id='page_1' title='image "./dialogisecundum04platgoog_0317.png"; bbox 0 0 2408 3764; ppageno 0'>
   <div class='ocr_carea' id='block_1_1' title="bbox 151 142 1154 214">
    <p class='ocr_par' dir='ltr' id='par_1_1' title="bbox 151 142 1154 214">
     <span class='ocr_line' id='line_1_1' title="bbox 151 142 1154 214; baseline -0.001 -9"><span class='ocrx_word' id='word_1_1' title='bbox 151 144 216 214; x_wconf 61' lang='lat' dir='ltr'><strong><em>ffio</em></strong></span> <span class='ocrx_word' id='word_1_2' title='bbox 557 146 748 206; x_wconf 85' lang='grc' dir='ltr'><strong><em>ΣΧΟΛΙΑ</em></strong></span> <span class='ocrx_word' id='word_1_3' title='bbox 1120 142 1154 212; x_wconf 61' lang='grc' dir='ltr'><strong><em>ἐκ</em></strong></span> 
     </span>
    </p>
   </div>
   <div class='ocr_carea' id='block_1_2' title="bbox 102 273 1178 1151">
    <p class='ocr_par' dir='ltr' id='par_1_2' title="bbox 152 273 1155 646">
     <span class='ocr_line' id='line_1_2' title="bbox 236 273 1154 415; baseline 0 -41"><span class='ocrx_word' id='word_1_4' title='bbox 236 318 313 379; x_wconf 73' lang='lat'>516.</span> <span class='ocrx_word' id='word_1_5' title='bbox 334 300 472 415; x_wconf 74' lang='grc' dir='ltr'><strong><em>γεννῆται</em></strong></span> <span class='ocrx_word' id='word_1_6' title='bbox 481 311 514 372; x_wconf 79' lang='grc' dir='ltr'><strong><em>οἱ</em></strong></span> <span class='ocrx_word' id='word_1_7' title='bbox 522 315 575 373; x_wconf 83' lang='grc' dir='ltr'><strong><em>τοῦ</em></strong></span> <span class='ocrx_word' id='word_1_8' title='bbox 585 287 677 373; x_wconf 73' lang='grc' dir='ltr'><strong><em>αὐτου</em></strong></span> <span class='ocrx_word' id='word_1_9' title='bbox 663 273 795 413; x_wconf 87' lang='grc' dir='ltr'><strong><em>γένους</em></strong></span> <span class='ocrx_word' id='word_1_10' title='bbox 804 309 966 411; x_wconf 77' lang='grc' dir='ltr'><strong><em>μετέχοντες</em></strong></span> <span class='ocrx_word' id='word_1_11' title='bbox 976 302 1059 373; x_wconf 77' lang='grc' dir='ltr'><strong><em>ταδ’</em></strong></span> <span class='ocrx_word' id='word_1_12' title='bbox 1039 301 1088 372; x_wconf 89' lang='grc' dir='ltr'><strong><em>απ’</em></strong></span> <span class='ocrx_word' id='word_1_13' title='bbox 1102 305 1154 395; x_wconf 79' lang='grc' dir='ltr'><strong><em>ἆρ-</em></strong></span> 
     </span>
     <span class='ocr_line' id='line_1_3' title="bbox 152 387 1155 502; baseline -0.002 -42"><span class='ocrx_word' id='word_1_14' title='bbox 152 404 204 500; x_wconf 78' lang='grc' dir='ltr'><strong><em>γῆς</em></strong></span> <span class='ocrx_word' id='word_1_15' title='bbox 215 398 326 499; x_wconf 65' lang='grc' dir='ltr'><strong><em>ἔχοντες</em></strong></span> <span class='ocrx_word' id='word_1_16' title='bbox 337 419 424 459; x_wconf 91' lang='grc' dir='ltr'><strong><em>κοινα</em></strong></span> <span class='ocrx_word' id='word_1_17' title='bbox 410 388 507 477; x_wconf 77' lang='grc' dir='ltr'><strong><em>ἱερό.</em></strong></span> <span class='ocrx_word' id='word_1_18' title='bbox 529 395 561 456; x_wconf 76' lang='grc' dir='ltr'><strong><em>οἱ</em></strong></span> <span class='ocrx_word' id='word_1_19' title='bbox 569 387 623 456; x_wconf 77' lang='grc' dir='ltr'><strong><em>δέ</em></strong></span> <span class='ocrx_word' id='word_1_20' title='bbox 611 391 821 502; x_wconf 77' lang='grc' dir='ltr'><strong><em>ομργόλακτας,</em></strong></span> <span class='ocrx_word' id='word_1_21' title='bbox 837 388 995 497; x_wconf 76' lang='grc' dir='ltr'><strong><em>φράτορας,</em></strong></span> <span class='ocrx_word' id='word_1_22' title='bbox 1007 399 1155 498; x_wconf 78' lang='grc' dir='ltr'><strong><em>συγγεγεῖς</em></strong></span> 
     </span>
     <span class='ocr_line' id='line_1_4' title="bbox 152 471 1154 624; baseline -0.001 -80"><span class='ocrx_word' id='word_1_23' title='bbox 152 476 221 555; x_wconf 76' lang='grc' dir='ltr'><strong><em>τοὺς</em></strong></span> <span class='ocrx_word' id='word_1_24' title='bbox 234 476 384 582; x_wconf 87' lang='grc' dir='ltr'><strong><em>γεννήτας.</em></strong></span> <span class='ocrx_word' id='word_1_25' title='bbox 403 483 470 541; x_wconf 82' lang='lat' dir='ltr'><strong><em>RS.</em></strong></span> <span class='ocrx_word' id='word_1_26' title='bbox 471 473 569 624; x_wconf 75' lang='grc' dir='ltr'><strong><em>0ζήτει</em></strong></span> <span class='ocrx_word' id='word_1_27' title='bbox 587 477 619 540; x_wconf 76' lang='grc' dir='ltr'><strong><em>δὲ</em></strong></span> <span class='ocrx_word' id='word_1_28' title='bbox 629 500 654 539; x_wconf 88' lang='grc' dir='ltr'><strong><em>ει</em></strong></span> <span class='ocrx_word' id='word_1_29' title='bbox 648 471 716 540; x_wconf 77' lang='grc' dir='ltr'><strong><em>’διὰ</em></strong></span> <span class='ocrx_word' id='word_1_30' title='bbox 726 480 794 559; x_wconf 83' lang='grc' dir='ltr'><strong><em>β</em></strong></span> <span class='ocrx_word' id='word_1_31' title='bbox 758 511 794 545; x_wconf 89' lang='grc' dir='ltr'><strong><em>νν</em></strong></span> <span class='ocrx_word' id='word_1_32' title='bbox 812 473 1001 563; x_wconf 71' lang='grc' dir='ltr'><strong><em>γραφόμενον</em></strong></span> <span class='ocrx_word' id='word_1_33' title='bbox 1017 485 1154 561; x_wconf 74' lang='grc' dir='ltr'><strong><em>γεννῆται</em></strong></span> 
     </span>
     <span class='ocr_line' id='line_1_5' title="bbox 153 559 504 665; baseline -0.021 -36"><span class='ocrx_word' id='word_1_34' title='bbox 153 559 504 665; x_wconf 59' lang='grc' dir='ltr'><strong><em>όφείλειγρόφεσθαιθ</em></strong></span> 
     </span>
    </p>

    <p class='ocr_par' dir='ltr' id='par_1_3' title="bbox 102 637 1178 1151">
     <span class='ocr_line' id='line_1_6' title="bbox 237 637 1178 750; baseline -0.004 -36"><span class='ocrx_word' id='word_1_35' title='bbox 237 655 314 750; x_wconf 63' lang='lat'><strong><em>546</em></strong></span> <span class='ocrx_word' id='word_1_36' title='bbox 336 642 392 709; x_wconf 87' lang='grc' dir='ltr'><strong><em>δόο</em></strong></span> <span class='ocrx_word' id='word_1_37' title='bbox 409 637 579 750; x_wconf 79' lang='grc' dir='ltr'><strong><em>σήμαίνει</em></strong></span> <span class='ocrx_word' id='word_1_38' title='bbox 552 667 584 706; x_wconf 89' lang='grc' dir='ltr'><strong><em>το</em></strong></span> <span class='ocrx_word' id='word_1_39' title='bbox 594 639 726 725; x_wconf 82' lang='grc' dir='ltr'><strong><em>ἴσθι,</em></strong></span> <span class='ocrx_word' id='word_1_40' title='bbox 693 667 726 707; x_wconf 86' lang='grc' dir='ltr'><strong><em>το</em></strong></span> <span class='ocrx_word' id='word_1_41' title='bbox 735 667 766 707; x_wconf 83' lang='grc' dir='ltr'><strong><em>τε</em></strong></span> <span class='ocrx_word' id='word_1_42' title='bbox 775 667 918 749; x_wconf 86' lang='grc' dir='ltr'><strong><em>υπαρχειν</em></strong></span> <span class='ocrx_word' id='word_1_43' title='bbox 928 639 1017 708; x_wconf 79' lang='grc' dir='ltr'><strong><em>καὶ</em></strong></span> <span class='ocrx_word' id='word_1_44' title='bbox 987 669 1020 708; x_wconf 90' lang='grc' dir='ltr'><strong><em>το</em></strong></span> <span class='ocrx_word' id='word_1_45' title='bbox 1031 670 1153 728; x_wconf 90' lang='grc' dir='ltr'><strong><em>γυωναι.</em></strong></span> <span class='ocrx_word' id='word_1_46' title='bbox 1168 650 1178 673; x_wconf 84' lang='grc'><em>’</em></span> 
     </span>
     <span class='ocr_line' id='line_1_7' title="bbox 153 719 1153 832; baseline -0.004 -36"><span class='ocrx_word' id='word_1_47' title='bbox 153 756 179 797; x_wconf 86' lang='grc' dir='ltr'><strong><em>ει</em></strong></span> <span class='ocrx_word' id='word_1_48' title='bbox 172 719 294 813; x_wconf 76' lang='grc' dir='ltr'><strong><em>’μέν</em></strong></span> <span class='ocrx_word' id='word_1_49' title='bbox 258 755 312 794; x_wconf 89' lang='grc' dir='ltr'><strong><em>αον</em></strong></span> <span class='ocrx_word' id='word_1_50' title='bbox 328 754 404 794; x_wconf 89' lang='grc' dir='ltr'><strong><em>κατα</em></strong></span> <span class='ocrx_word' id='word_1_51' title='bbox 419 752 452 792; x_wconf 91' lang='grc' dir='ltr'><strong><em>το</em></strong></span> <span class='ocrx_word' id='word_1_52' title='bbox 462 749 621 832; x_wconf 74' lang='grc' dir='ltr'><strong><em>υπαργειν,</em></strong></span> <span class='ocrx_word' id='word_1_53' title='bbox 638 733 723 791; x_wconf 78' lang='grc' dir='ltr'><strong><em>τοῦτο</em></strong></span> <span class='ocrx_word' id='word_1_54' title='bbox 733 725 869 830; x_wconf 77' lang='grc' dir='ltr'><strong><em>βούλεται</em></strong></span> <span class='ocrx_word' id='word_1_55' title='bbox 884 729 1016 832; x_wconf 80' lang='grc' dir='ltr'><strong><em>έγταῦθα</em></strong></span> <span class='ocrx_word' id='word_1_56' title='bbox 1026 733 1153 810; x_wconf 73' lang='grc' dir='ltr'><strong><em>δηλοῦν·</em></strong></span> 
     </span>
     <span class='ocr_line' id='line_1_8' title="bbox 102 808 1153 917; baseline -0.003 -38"><span class='ocrx_word' id='word_1_57' title='bbox 102 892 105 898; x_wconf 88' lang='lat'>.</span> <span class='ocrx_word' id='word_1_58' title='bbox 153 818 257 880; x_wconf 75' lang='grc' dir='ltr'><strong><em>ἔσο</em></strong></span> <span class='ocrx_word' id='word_1_59' title='bbox 218 840 276 879; x_wconf 93' lang='grc' dir='ltr'><strong><em>υνν</em></strong></span> <span class='ocrx_word' id='word_1_60' title='bbox 293 815 344 878; x_wconf 72' lang='grc' dir='ltr'><strong><em>καὶ</em></strong></span> <span class='ocrx_word' id='word_1_61' title='bbox 360 815 496 915; x_wconf 80' lang='grc' dir='ltr'><strong><em>διαγίνον</em></strong></span> <span class='ocrx_word' id='word_1_62' title='bbox 506 818 568 886; x_wconf 83' lang='grc' dir='ltr'><strong><em>τοῖς</em></strong></span> <span class='ocrx_word' id='word_1_63' title='bbox 577 817 724 895; x_wconf 80' lang='grc' dir='ltr'><strong><em>παροῦσιν</em></strong></span> <span class='ocrx_word' id='word_1_64' title='bbox 736 814 776 888; x_wconf 83' lang='grc' dir='ltr'><strong><em>εἰς</em></strong></span> <span class='ocrx_word' id='word_1_65' title='bbox 785 808 883 917; x_wconf 71' lang='grc' dir='ltr'><strong><em>πρίονα</em></strong></span> <span class='ocrx_word' id='word_1_66' title='bbox 893 808 949 877; x_wconf 90' lang='grc' dir='ltr'><strong><em>όσα</em></strong></span> <span class='ocrx_word' id='word_1_67' title='bbox 955 813 993 917; x_wconf 87' lang='grc' dir='ltr'><strong><em>γέ</em></strong></span> <span class='ocrx_word' id='word_1_68' title='bbox 1001 837 1053 894; x_wconf 87' lang='grc' dir='ltr'><strong><em>μοι</em></strong></span> <span class='ocrx_word' id='word_1_69' title='bbox 1064 817 1153 896; x_wconf 86' lang='grc' dir='ltr'><strong><em>δοκεῖ,</em></strong></span> 
     </span>
     <span class='ocr_line' id='line_1_9' title="bbox 152 889 1153 1005; baseline -0.002 -42"><span class='ocrx_word' id='word_1_70' title='bbox 152 894 271 1000; x_wconf 79' lang='grc' dir='ltr'><strong><em>ήταθια</em></strong></span> <span class='ocrx_word' id='word_1_71' title='bbox 287 906 343 962; x_wconf 79' lang='grc' dir='ltr'><strong><em>νῦν</em></strong></span> <span class='ocrx_word' id='word_1_72' title='bbox 360 900 408 1005; x_wconf 71' lang='grc' dir='ltr'><strong><em>ξσο</em></strong></span> <span class='ocrx_word' id='word_1_73' title='bbox 425 921 462 960; x_wconf 91' lang='grc' dir='ltr'><strong><em>τα</em></strong></span> <span class='ocrx_word' id='word_1_74' title='bbox 449 891 542 976; x_wconf 76' lang='grc' dir='ltr'><strong><em>ἐμοὶ</em></strong></span> <span class='ocrx_word' id='word_1_75' title='bbox 559 898 713 998; x_wconf 81' lang='grc' dir='ltr'><strong><em>δοκοῦγτα.</em></strong></span> <span class='ocrx_word' id='word_1_76' title='bbox 742 921 817 960; x_wconf 88' lang='grc' dir='ltr'><strong><em>κατα</em></strong></span> <span class='ocrx_word' id='word_1_77' title='bbox 805 889 902 959; x_wconf 62' lang='grc' dir='ltr'><strong><em>Ηδὲ</em></strong></span> <span class='ocrx_word' id='word_1_78' title='bbox 874 920 906 959; x_wconf 93' lang='grc' dir='ltr'><strong><em>το</em></strong></span> <span class='ocrx_word' id='word_1_79' title='bbox 917 902 970 961; x_wconf 79' lang='grc' dir='ltr'><strong><em>τοῦ</em></strong></span> <span class='ocrx_word' id='word_1_80' title='bbox 979 903 1093 1002; x_wconf 79' lang='grc' dir='ltr'><strong><em>γνῶναι</em></strong></span> <span class='ocrx_word' id='word_1_81' title='bbox 1104 916 1153 979; x_wconf 78' lang='lat'><strong><em>66-</em></strong></span> 
     </span>
     <span class='ocr_line' id='line_1_10' title="bbox 153 973 1153 1068; baseline 0.001 -23"><span class='ocrx_word' id='word_1_82' title='bbox 153 978 330 1066; x_wconf 89' lang='grc' dir='ltr'><strong><em>μαινόμενον</em></strong></span> <span class='ocrx_word' id='word_1_83' title='bbox 346 981 452 1056; x_wconf 70' lang='grc' dir='ltr'><strong><em>οὕτως</em></strong></span> <span class='ocrx_word' id='word_1_84' title='bbox 473 984 572 1062; x_wconf 78' lang='grc' dir='ltr'><strong><em>γνῶθι</em></strong></span> <span class='ocrx_word' id='word_1_85' title='bbox 589 973 666 1042; x_wconf 75' lang='grc' dir='ltr'><strong><em>κατὰ</em></strong></span> <span class='ocrx_word' id='word_1_86' title='bbox 676 1003 713 1043; x_wconf 92' lang='grc' dir='ltr'><strong><em>τα</em></strong></span> <span class='ocrx_word' id='word_1_87' title='bbox 701 974 838 1062; x_wconf 72' lang='grc' dir='ltr'><strong><em>ἔμολ’</em></strong></span> <span class='ocrx_word' id='word_1_88' title='bbox 798 1005 856 1044; x_wconf 91' lang='grc' dir='ltr'><strong><em>νυν</em></strong></span> <span class='ocrx_word' id='word_1_89' title='bbox 866 976 1044 1045; x_wconf 66' lang='grc' dir='ltr'><strong><em>δοκοθιτα“</em></strong></span> <span class='ocrx_word' id='word_1_90' title='bbox 1025 1007 1065 1057; x_wconf 87' lang='grc' dir='ltr'><strong><em>ως</em></strong></span> <span class='ocrx_word' id='word_1_91' title='bbox 1076 985 1153 1068; x_wconf 81' lang='grc' dir='ltr'><strong><em>εἴπερ</em></strong></span> 
     </span>
     <span class='ocr_line' id='line_1_11' title="bbox 152 1060 582 1151; baseline -0.01 -21"><span class='ocrx_word' id='word_1_92' title='bbox 152 1060 529 1151; x_wconf 75' lang='grc' dir='ltr'><strong><em>ταῦταέρεῖςμότηνέρῶν.</em></strong></span> <span class='ocrx_word' id='word_1_93' title='bbox 548 1069 582 1126; x_wconf 91' lang='lat'>0</span> 
     </span>
    </p>
   </div>
   <div class='ocr_carea' id='block_1_3' title="bbox 388 1287 919 1404">
    <p class='ocr_par' dir='ltr' id='par_1_4' title="bbox 388 1287 919 1404">
     <span class='ocr_line' id='line_1_12' title="bbox 388 1287 919 1404; baseline 0.006 -50"><span class='ocrx_word' id='word_1_94' title='bbox 388 1287 488 1387; x_wconf 85' lang='grc' dir='ltr'><strong><em>ΕΙΣ</em></strong></span> <span class='ocrx_word' id='word_1_95' title='bbox 513 1287 624 1356; x_wconf 82' lang='grc' dir='ltr'><strong><em>ΤΟΝ</em></strong></span> <span class='ocrx_word' id='word_1_96' title='bbox 657 1288 919 1404; x_wconf 72' lang='grc' dir='ltr'><strong><em>ΦΑΙΔΩΝΑ.</em></strong></span> 
     </span>
    </p>
   </div>
   <div class='ocr_carea' id='block_1_4' title="bbox 87 1473 1154 3412">
    <p class='ocr_par' dir='ltr' id='par_1_5' title="bbox 168 1473 1150 1652">
     <span class='ocr_line' id='line_1_13' title="bbox 236 1473 1150 1591; baseline 0.005 -45"><span class='ocrx_word' id='word_1_97' title='bbox 236 1493 268 1546; x_wconf 89' lang='grc' dir='ltr'><strong><em>Ρ.</em></strong></span> <span class='ocrx_word' id='word_1_98' title='bbox 283 1489 364 1548; x_wconf 83' lang='grc' dir='ltr'><strong>57Α.</strong></span> <span class='ocrx_word' id='word_1_99' title='bbox 386 1473 541 1584; x_wconf 78' lang='grc' dir='ltr'><strong><em>ριἰδεδς’</em></strong></span> <span class='ocrx_word' id='word_1_100' title='bbox 498 1506 579 1547; x_wconf 91' lang='grc' dir='ltr'><strong><em>πανυ</em></strong></span> <span class='ocrx_word' id='word_1_101' title='bbox 594 1494 634 1561; x_wconf 89' lang='grc' dir='ltr'><strong><em>τι]</em></strong></span> <span class='ocrx_word' id='word_1_102' title='bbox 653 1471 781 1550; x_wconf 79' lang='grc' dir='ltr'><strong><em>όντδτον</em></strong></span> <span class='ocrx_word' id='word_1_103' title='bbox 768 1482 944 1591; x_wconf 79' lang='grc' dir='ltr'><strong><em>ον’δαμῶς.</em></strong></span> <span class='ocrx_word' id='word_1_104' title='bbox 972 1483 1081 1569; x_wconf 77' lang='grc' dir='ltr'><strong><em>ἐστὶ</em></strong></span> <span class='ocrx_word' id='word_1_105' title='bbox 1047 1514 1105 1573; x_wconf 91' lang='grc' dir='ltr'><strong><em>γαρ</em></strong></span> <span class='ocrx_word' id='word_1_106' title='bbox 1121 1482 1150 1551; x_wconf 80' lang='grc' dir='ltr'><strong><em>τό</em></strong></span> 
     </span>
     <span class='ocr_line' id='line_1_14' title="bbox 154 1559 801 1673; baseline 0.004 -43.049"><span class='ocrx_word' id='word_1_107' title='bbox 154 1563 258 1650; x_wconf 81' lang='grc' dir='ltr'><strong><em>ἕξής</em></strong></span> <span class='ocrx_word' id='word_1_108' title='bbox 229 1564 335 1642; x_wconf 75' lang='grc' dir='ltr'><strong><em>ου’τως·</em></strong></span> <span class='ocrx_word' id='word_1_109' title='bbox 357 1560 438 1628; x_wconf 73' lang='grc' dir='ltr'><strong><em>πάνυ</em></strong></span> <span class='ocrx_word' id='word_1_110' title='bbox 450 1559 545 1670; x_wconf 73' lang='grc' dir='ltr'><strong><em>οὐδεὶς</em></strong></span> <span class='ocrx_word' id='word_1_111' title='bbox 556 1564 801 1673; x_wconf 71' lang='grc' dir='ltr'><strong><em>ἐπιχωριάζει.0.</em></strong></span> 
     </span>
    </p>

    <p class='ocr_par' dir='ltr' id='par_1_6' title="bbox 154 1642 1152 2074">
     <span class='ocr_line' id='line_1_15' title="bbox 236 1642 1152 1756; baseline 0.008 -43"><span class='ocrx_word' id='word_1_112' title='bbox 236 1657 314 1718; x_wconf 73' lang='lat'>5813.</span> <span class='ocrx_word' id='word_1_113' title='bbox 331 1652 467 1733; x_wconf 79' lang='grc' dir='ltr'><strong><em>θεωρίαν</em></strong></span> <span class='ocrx_word' id='word_1_114' title='bbox 478 1642 612 1730; x_wconf 75' lang='grc' dir='ltr'><strong><em>ἀπόζειν]</em></strong></span> <span class='ocrx_word' id='word_1_115' title='bbox 624 1646 691 1715; x_wconf 78' lang='grc' dir='ltr'><strong><em>αντὶ</em></strong></span> <span class='ocrx_word' id='word_1_116' title='bbox 698 1676 751 1715; x_wconf 89' lang='grc' dir='ltr'><strong><em>τον</em></strong></span> <span class='ocrx_word' id='word_1_117' title='bbox 738 1657 839 1715; x_wconf 87' lang='grc' dir='ltr'><strong><em>θυσί</em></strong></span> <span class='ocrx_word' id='word_1_118' title='bbox 837 1679 874 1715; x_wconf 94' lang='grc' dir='ltr'><strong><em>αν</em></strong></span> <span class='ocrx_word' id='word_1_119' title='bbox 885 1646 1063 1756; x_wconf 74' lang='grc' dir='ltr'><strong><em>ἀπενεγκεῖν.</em></strong></span> <span class='ocrx_word' id='word_1_120' title='bbox 1081 1664 1152 1720; x_wconf 71' lang='grc' dir='ltr'><strong><em>θεον</em></strong></span> 
     </span>
     <span class='ocr_line' id='line_1_16' title="bbox 154 1731 1151 1842; baseline 0.007 -45"><span class='ocrx_word' id='word_1_121' title='bbox 154 1760 201 1818; x_wconf 91' lang='grc' dir='ltr'><strong><em>ροι</em></strong></span> <span class='ocrx_word' id='word_1_122' title='bbox 190 1736 291 1798; x_wconf 92' lang='grc' dir='ltr'><strong><em>δέ’</em></strong></span> <span class='ocrx_word' id='word_1_123' title='bbox 265 1753 338 1799; x_wconf 80' lang='grc' dir='ltr'><strong><em>τισιν</em></strong></span> <span class='ocrx_word' id='word_1_124' title='bbox 355 1736 387 1796; x_wconf 84' lang='lat'><strong><em>06</em></strong></span> <span class='ocrx_word' id='word_1_125' title='bbox 404 1731 583 1842; x_wconf 87' lang='grc' dir='ltr'><strong><em>πεμπόμενοι</em></strong></span> <span class='ocrx_word' id='word_1_126' title='bbox 602 1742 696 1799; x_wconf 78' lang='grc' dir='ltr'><strong><em>θθσαι</em></strong></span> <span class='ocrx_word' id='word_1_127' title='bbox 716 1734 768 1798; x_wconf 75' lang='grc' dir='ltr'><strong><em>καὶ</em></strong></span> <span class='ocrx_word' id='word_1_128' title='bbox 787 1742 969 1820; x_wconf 74' lang='grc' dir='ltr'><strong><em>θεραπεῦσαι</em></strong></span> <span class='ocrx_word' id='word_1_129' title='bbox 989 1733 1041 1800; x_wconf 85' lang='grc' dir='ltr'><strong><em>τόν</em></strong></span> <span class='ocrx_word' id='word_1_130' title='bbox 1063 1737 1151 1804; x_wconf 85' lang='grc' dir='ltr'><strong><em>θεόν·</em></strong></span> 
     </span>
     <span class='ocr_line' id='line_1_17' title="bbox 152 1809 1152 1923; baseline 0.003 -39.006"><span class='ocrx_word' id='word_1_131' title='bbox 152 1819 227 1885; x_wconf 68' lang='grc' dir='ltr'><strong><em>ὅθεν</em></strong></span> <span class='ocrx_word' id='word_1_132' title='bbox 250 1820 301 1883; x_wconf 79' lang='grc' dir='ltr'><strong><em>καλ</em></strong></span> <span class='ocrx_word' id='word_1_133' title='bbox 319 1819 352 1882; x_wconf 79' lang='grc' dir='ltr'><strong><em>αἱ</em></strong></span> <span class='ocrx_word' id='word_1_134' title='bbox 370 1812 441 1923; x_wconf 78' lang='lat'>6606</span> <span class='ocrx_word' id='word_1_135' title='bbox 457 1809 538 1883; x_wconf 82' lang='grc' dir='ltr'><strong><em>δι’</em></strong></span> <span class='ocrx_word' id='word_1_136' title='bbox 513 1847 556 1884; x_wconf 93' lang='grc' dir='ltr'><strong><em>ων</em></strong></span> <span class='ocrx_word' id='word_1_137' title='bbox 576 1814 748 1921; x_wconf 76' lang='grc' dir='ltr'><strong><em>ἐπορεύοντο</em></strong></span> <span class='ocrx_word' id='word_1_138' title='bbox 766 1823 907 1923; x_wconf 79' lang='grc' dir='ltr'><strong><em>θεωρίδες</em></strong></span> <span class='ocrx_word' id='word_1_139' title='bbox 927 1820 1064 1884; x_wconf 90' lang='grc' dir='ltr'><strong><em>κέλευθοι</em></strong></span> <span class='ocrx_word' id='word_1_140' title='bbox 1087 1825 1152 1886; x_wconf 86' lang='grc' dir='ltr'><strong><em>έκα</em></strong></span> 
     </span>
     <span class='ocr_line' id='line_1_18' title="bbox 155 1897 1152 2010; baseline -0.001 -40"><span class='ocrx_word' id='word_1_141' title='bbox 155 1910 273 1984; x_wconf 82' lang='grc' dir='ltr'><strong><em>λοδντο,</em></strong></span> <span class='ocrx_word' id='word_1_142' title='bbox 288 1897 381 1967; x_wconf 78' lang='grc' dir='ltr'><strong><em>καὶ</em></strong></span> <span class='ocrx_word' id='word_1_143' title='bbox 349 1926 385 1967; x_wconf 90' lang='grc' dir='ltr'><strong><em>τα</em></strong></span> <span class='ocrx_word' id='word_1_144' title='bbox 400 1901 541 2010; x_wconf 79' lang='grc' dir='ltr'><strong><em>διδόμενα</em></strong></span> <span class='ocrx_word' id='word_1_145' title='bbox 550 1899 698 2008; x_wconf 73' lang='grc' dir='ltr'><strong><em>θεωρικά,</em></strong></span> <span class='ocrx_word' id='word_1_146' title='bbox 712 1897 789 1967; x_wconf 74' lang='grc' dir='ltr'><strong><em>καὶ</em></strong></span> <span class='ocrx_word' id='word_1_147' title='bbox 772 1929 793 1985; x_wconf 83' lang='lat'><strong><em>6</em></strong></span> <span class='ocrx_word' id='word_1_148' title='bbox 802 1910 907 1987; x_wconf 80' lang='grc' dir='ltr'><strong><em>ναῦςή</em></strong></span> <span class='ocrx_word' id='word_1_149' title='bbox 894 1897 958 1980; x_wconf 79' lang='grc' dir='ltr'><strong><em>εἰς</em></strong></span> <span class='ocrx_word' id='word_1_150' title='bbox 969 1910 1071 1985; x_wconf 81' lang='grc' dir='ltr'><strong><em>Δήλου</em></strong></span> <span class='ocrx_word' id='word_1_151' title='bbox 1081 1930 1152 1988; x_wconf 87' lang='grc' dir='ltr'><strong><em>πεμ-</em></strong></span> 
     </span>
     <span class='ocr_line' id='line_1_19' title="bbox 154 1981 810 2095; baseline -0.003 -41"><span class='ocrx_word' id='word_1_152' title='bbox 154 1990 229 2069; x_wconf 90' lang='grc' dir='ltr'><strong><em>πομέ</em></strong></span> <span class='ocrx_word' id='word_1_153' title='bbox 228 2015 265 2070; x_wconf 83' lang='grc' dir='ltr'><strong><em>νη</em></strong></span> <span class='ocrx_word' id='word_1_154' title='bbox 276 1991 393 2095; x_wconf 74' lang='grc' dir='ltr'><strong><em>θεωρός,</em></strong></span> <span class='ocrx_word' id='word_1_155' title='bbox 406 1985 481 2051; x_wconf 68' lang='grc' dir='ltr'><strong><em>καλ’</em></strong></span> <span class='ocrx_word' id='word_1_156' title='bbox 468 2015 484 2053; x_wconf 94' lang='grc' dir='ltr'><strong><em>ο</em></strong></span> <span class='ocrx_word' id='word_1_157' title='bbox 485 1981 589 2093; x_wconf 81' lang='grc' dir='ltr'><strong><em>ἱερενς</em></strong></span> <span class='ocrx_word' id='word_1_158' title='bbox 596 1984 720 2068; x_wconf 84' lang='grc' dir='ltr'><strong><em>θεωρος</em></strong></span> <span class='ocrx_word' id='word_1_159' title='bbox 744 1995 769 2050; x_wconf 89' lang='lat' dir='ltr'><strong>R</strong></span> <span class='ocrx_word' id='word_1_160' title='bbox 780 1994 810 2052; x_wconf 91' lang='lat' dir='ltr'>S</span> 
     </span>
    </p>

    <p class='ocr_par' dir='ltr' id='par_1_7' title="bbox 151 2065 1153 2407">
     <span class='ocr_line' id='line_1_20' title="bbox 237 2065 1150 2177; baseline -0.003 -37"><span class='ocrx_word' id='word_1_161' title='bbox 237 2080 314 2140; x_wconf 87' lang='grc' dir='ltr'><strong><em>6οΒ.</em></strong></span> <span class='ocrx_word' id='word_1_162' title='bbox 338 2071 448 2137; x_wconf 79' lang='grc' dir='ltr'><strong><em>ότοπον</em></strong></span> <span class='ocrx_word' id='word_1_163' title='bbox 464 2068 496 2137; x_wconf 85' lang='grc' dir='ltr'><strong><em>τὸ</em></strong></span> <span class='ocrx_word' id='word_1_164' title='bbox 512 2069 704 2177; x_wconf 84' lang='grc' dir='ltr'><strong><em>θαυμαστόν,</em></strong></span> <span class='ocrx_word' id='word_1_165' title='bbox 722 2065 762 2147; x_wconf 86' lang='lat'><strong><em>69</em></strong></span> <span class='ocrx_word' id='word_1_166' title='bbox 773 2072 825 2136; x_wconf 83' lang='grc' dir='ltr'><strong><em>καὶ</em></strong></span> <span class='ocrx_word' id='word_1_167' title='bbox 841 2073 873 2136; x_wconf 87' lang='grc' dir='ltr'><strong><em>έν</em></strong></span> <span class='ocrx_word' id='word_1_168' title='bbox 885 2067 1033 2176; x_wconf 75' lang='grc' dir='ltr'><strong><em>Θεαιτήτῳ</em></strong></span> <span class='ocrx_word' id='word_1_169' title='bbox 1045 2077 1150 2154; x_wconf 80' lang='grc' dir='ltr'><strong><em>φησίν·</em></strong></span> 
     </span>
     <span class='ocr_line' id='line_1_21' title="bbox 153 2136 1153 2261; baseline -0.001 -39"><span class='ocrx_word' id='word_1_170' title='bbox 153 2149 288 2222; x_wconf 86' lang='grc' dir='ltr'><strong><em>ονδεν</em></strong></span> <span class='ocrx_word' id='word_1_171' title='bbox 257 2183 276 2261; x_wconf 94' lang='grc' dir='ltr'><strong><em>γ</em></strong></span> <span class='ocrx_word' id='word_1_172' title='bbox 302 2153 427 2238; x_wconf 69' lang='grc' dir='ltr'><strong><em>ἄτοπον,</em></strong></span> <span class='ocrx_word' id='word_1_173' title='bbox 450 2151 525 2220; x_wconf 87' lang='lat'>6666</span> <span class='ocrx_word' id='word_1_174' title='bbox 544 2151 619 2261; x_wconf 67' lang='grc' dir='ltr'><strong><em>καλή</em></strong></span> <span class='ocrx_word' id='word_1_175' title='bbox 635 2152 876 2242; x_wconf 79' lang='grc' dir='ltr'><strong><em>θαυμαστότερον</em></strong></span> <span class='ocrx_word' id='word_1_176' title='bbox 893 2145 948 2240; x_wconf 82' lang='grc' dir='ltr'><strong><em>ἦν</em></strong></span> <span class='ocrx_word' id='word_1_177' title='bbox 970 2136 1096 2261; x_wconf 76' lang='grc' dir='ltr'><strong><em>ἐσόφήνί</em></strong></span> <span class='ocrx_word' id='word_1_178' title='bbox 1095 2167 1153 2239; x_wconf 82' lang='grc' dir='ltr'><strong><em>σθη</em></strong></span> 
     </span>
     <span class='ocr_line' id='line_1_22' title="bbox 151 2202 1151 2347; baseline 0.001 -43"><span class='ocrx_word' id='word_1_179' title='bbox 151 2238 210 2347; x_wconf 73' lang='grc' dir='ltr'><strong><em>γὰρ</em></strong></span> <span class='ocrx_word' id='word_1_180' title='bbox 229 2234 279 2305; x_wconf 86' lang='grc' dir='ltr'><strong><em>διδι</em></strong></span> <span class='ocrx_word' id='word_1_181' title='bbox 294 2248 347 2324; x_wconf 77' lang='grc' dir='ltr'><strong><em>τῆς</em></strong></span> <span class='ocrx_word' id='word_1_182' title='bbox 364 2202 548 2316; x_wconf 70' lang='grc' dir='ltr'><strong><em>ἀποθέσεως.</em></strong></span> <span class='ocrx_word' id='word_1_183' title='bbox 574 2237 705 2305; x_wconf 77' lang='grc' dir='ltr'><strong><em>τάττεται</em></strong></span> <span class='ocrx_word' id='word_1_184' title='bbox 723 2241 755 2304; x_wconf 74' lang='grc' dir='ltr'><strong><em>δέ</em></strong></span> <span class='ocrx_word' id='word_1_185' title='bbox 771 2241 822 2302; x_wconf 80' lang='grc' dir='ltr'><strong><em>καὶ</em></strong></span> <span class='ocrx_word' id='word_1_186' title='bbox 840 2240 956 2304; x_wconf 69' lang='grc' dir='ltr'><strong><em>έπδτοθ</em></strong></span> <span class='ocrx_word' id='word_1_187' title='bbox 967 2233 1151 2305; x_wconf 83' lang='grc' dir='ltr'><strong><em>ἆννιιόπτον</em></strong></span> 
     </span>
     <span class='ocr_line' id='line_1_23' title="bbox 151 2323 651 2431; baseline 0.002 -43"><span class='ocrx_word' id='word_1_188' title='bbox 151 2323 282 2399; x_wconf 71' lang='grc' dir='ltr'><strong><em>Εκόιτολις</em></strong></span> <span class='ocrx_word' id='word_1_189' title='bbox 295 2330 439 2431; x_wconf 77' lang='grc' dir='ltr'><strong><em>Μαρικᾷ·</em></strong></span> <span class='ocrx_word' id='word_1_190' title='bbox 648 2384 651 2389; x_wconf 91' lang='grc'><strong><em>.</em></strong></span> 
     </span>
    </p>

    <p class='ocr_par' dir='ltr' id='par_1_8' title="bbox 280 2400 874 2506">
     <span class='ocr_line' id='line_1_24' title="bbox 280 2400 874 2506; baseline 0 -38"><span class='ocrx_word' id='word_1_191' title='bbox 280 2408 330 2468; x_wconf 81' lang='grc' dir='ltr'><strong><em>καὶ</em></strong></span> <span class='ocrx_word' id='word_1_192' title='bbox 340 2404 421 2471; x_wconf 92' lang='grc' dir='ltr'><strong><em>πολλ</em></strong></span> <span class='ocrx_word' id='word_1_193' title='bbox 433 2400 524 2489; x_wconf 69' lang='grc' dir='ltr'><strong><em>ἀγάθ’</em></strong></span> <span class='ocrx_word' id='word_1_194' title='bbox 536 2406 568 2468; x_wconf 79' lang='grc' dir='ltr'><strong><em>έν</em></strong></span> <span class='ocrx_word' id='word_1_195' title='bbox 578 2415 653 2468; x_wconf 87' lang='grc' dir='ltr'><strong><em>τοισι</em></strong></span> <span class='ocrx_word' id='word_1_196' title='bbox 663 2405 832 2506; x_wconf 79' lang='grc' dir='ltr'><strong><em>κουρείοις</em></strong></span> <span class='ocrx_word' id='word_1_197' title='bbox 817 2429 874 2488; x_wconf 89' lang='grc' dir='ltr'><strong><em>εγω</em></strong></span> 
     </span>
    </p>

    <p class='ocr_par' dir='ltr' id='par_1_9' title="bbox 87 2482 1154 2742">
     <span class='ocr_line' id='line_1_25' title="bbox 279 2482 929 2592; baseline 0.002 -42"><span class='ocrx_word' id='word_1_198' title='bbox 279 2482 394 2563; x_wconf 74' lang='grc' dir='ltr'><strong><em>ἀτόπως</em></strong></span> <span class='ocrx_word' id='word_1_199' title='bbox 405 2492 546 2592; x_wconf 78' lang='grc' dir='ltr'><strong><em>καθίζων,</em></strong></span> <span class='ocrx_word' id='word_1_200' title='bbox 558 2482 647 2588; x_wconf 74' lang='lat'>60666</span> <span class='ocrx_word' id='word_1_201' title='bbox 655 2485 816 2592; x_wconf 85' lang='grc' dir='ltr'><strong><em>γινοόσκειν</em></strong></span> <span class='ocrx_word' id='word_1_202' title='bbox 824 2492 929 2552; x_wconf 79' lang='grc' dir='ltr'><strong><em>δοκῶν.</em></strong></span> 
     </span>
     <span class='ocr_line' id='line_1_26' title="bbox 153 2564 1001 2677; baseline 0.005 -42"><span class='ocrx_word' id='word_1_203' title='bbox 153 2574 202 2635; x_wconf 74' lang='grc' dir='ltr'><strong><em>καὶ</em></strong></span> <span class='ocrx_word' id='word_1_204' title='bbox 213 2597 246 2635; x_wconf 88' lang='grc' dir='ltr'><strong><em>το</em></strong></span> <span class='ocrx_word' id='word_1_205' title='bbox 234 2564 404 2652; x_wconf 82' lang='grc' dir='ltr'><strong><em>ἆδόκητον</em></strong></span> <span class='ocrx_word' id='word_1_206' title='bbox 417 2566 496 2634; x_wconf 75' lang='grc' dir='ltr'><strong><em>καδ’</em></strong></span> <span class='ocrx_word' id='word_1_207' title='bbox 478 2565 691 2672; x_wconf 82' lang='grc' dir='ltr'><strong><em>ανυπονόητον.</em></strong></span> <span class='ocrx_word' id='word_1_208' title='bbox 714 2574 746 2633; x_wconf 77' lang='lat' dir='ltr'><strong><em>ot</em></strong></span> <span class='ocrx_word' id='word_1_209' title='bbox 754 2568 809 2673; x_wconf 74' lang='grc' dir='ltr'><strong><em>δέ’</em></strong></span> <span class='ocrx_word' id='word_1_210' title='bbox 796 2569 912 2677; x_wconf 83' lang='grc' dir='ltr'><strong><em>όλογον.</em></strong></span> <span class='ocrx_word' id='word_1_211' title='bbox 935 2581 960 2637; x_wconf 84' lang='lat' dir='ltr'><strong>R</strong></span> <span class='ocrx_word' id='word_1_212' title='bbox 972 2582 1001 2640; x_wconf 88' lang='lat' dir='ltr'><strong><em>S.</em></strong></span> 
     </span>
     <span class='ocr_line' id='line_1_27' title="bbox 87 2648 1154 2760; baseline -0.001 -37"><span class='ocrx_word' id='word_1_213' title='bbox 87 2726 92 2736; x_wconf 70' lang='grc'>,</span> <span class='ocrx_word' id='word_1_214' title='bbox 236 2661 314 2724; x_wconf 76' lang='lat'>610.</span> <span class='ocrx_word' id='word_1_215' title='bbox 335 2661 452 2760; x_wconf 77' lang='grc' dir='ltr'><strong><em>καθῆκε</em></strong></span> <span class='ocrx_word' id='word_1_216' title='bbox 467 2648 504 2717; x_wconf 82' lang='grc' dir='ltr'><strong><em>τδι</em></strong></span> <span class='ocrx_word' id='word_1_217' title='bbox 522 2654 622 2756; x_wconf 83' lang='grc' dir='ltr'><strong><em>σκέλη]</em></strong></span> <span class='ocrx_word' id='word_1_218' title='bbox 637 2651 852 2742; x_wconf 83' lang='grc' dir='ltr'><strong><em>συντονωτερον</em></strong></span> <span class='ocrx_word' id='word_1_219' title='bbox 864 2650 987 2741; x_wconf 87' lang='grc' dir='ltr'><strong><em>ανλαβε</em></strong></span> <span class='ocrx_word' id='word_1_220' title='bbox 998 2664 1093 2739; x_wconf 84' lang='grc' dir='ltr'><strong><em>σχημα</em></strong></span> <span class='ocrx_word' id='word_1_221' title='bbox 1103 2659 1154 2722; x_wconf 78' lang='grc' dir='ltr'><strong><em>καὶ</em></strong></span> 
     </span>
    </p>

    <p class='ocr_par' dir='ltr' id='par_1_10' title="bbox 153 2734 1154 2861">
     <span class='ocr_line' id='line_1_28' title="bbox 153 2734 1154 2861; baseline 0 -57"><span class='ocrx_word' id='word_1_222' title='bbox 153 2743 339 2824; x_wconf 87' lang='grc' dir='ltr'><strong><em>σεμνότερον,</em></strong></span> <span class='ocrx_word' id='word_1_223' title='bbox 363 2734 401 2833; x_wconf 80' lang='grc' dir='ltr'><strong><em>δος</em></strong></span> <span class='ocrx_word' id='word_1_224' title='bbox 421 2739 488 2821; x_wconf 81' lang='grc' dir='ltr'><strong><em>περὶ</em></strong></span> <span class='ocrx_word' id='word_1_225' title='bbox 508 2734 712 2821; x_wconf 78' lang='grc' dir='ltr'><strong><em>προβλήματος</em></strong></span> <span class='ocrx_word' id='word_1_226' title='bbox 734 2743 905 2861; x_wconf 83' lang='grc' dir='ltr'><strong><em>σεμνοτέρου</em></strong></span> <span class='ocrx_word' id='word_1_227' title='bbox 926 2743 1037 2822; x_wconf 85' lang='grc' dir='ltr'><strong><em>μέλλων</em></strong></span> <span class='ocrx_word' id='word_1_228' title='bbox 1057 2744 1154 2805; x_wconf 80' lang='grc' dir='ltr'><strong><em>διαλέ-</em></strong></span> 
     </span>
    </p>

    <p class='ocr_par' dir='ltr' id='par_1_11' title="bbox 152 2830 1141 3158">
     <span class='ocr_line' id='line_1_29' title="bbox 171 2830 354 2888; baseline -0.006 0"><span class='ocrx_word' id='word_1_229' title='bbox 171 2833 266 2888; x_wconf 89' lang='grc' dir='ltr'><strong><em>εσθαι.</em></strong></span> <span class='ocrx_word' id='word_1_230' title='bbox 289 2830 354 2888; x_wconf 86' lang='lat' dir='ltr'><strong><em>RS</em></strong></span> 
     </span>
     <span class='ocr_line' id='line_1_30' title="bbox 152 2851 1153 3011; baseline -0.002 -39"><span class='ocrx_word' id='word_1_231' title='bbox 152 2851 171 2908; x_wconf 60' lang='lat' dir='ltr'><em>y</em></span> <span class='ocrx_word' id='word_1_232' title='bbox 236 2916 268 2972; x_wconf 91' lang='lat' dir='ltr'><strong><em>D.</em></strong></span> <span class='ocrx_word' id='word_1_233' title='bbox 290 2903 322 3010; x_wconf 54' lang='grc' dir='ltr'><strong><em>τὸ</em></strong></span> <span class='ocrx_word' id='word_1_234' title='bbox 339 2900 381 2988; x_wconf 84' lang='grc' dir='ltr'><strong><em>μή</em></strong></span> <span class='ocrx_word' id='word_1_235' title='bbox 396 2900 530 3010; x_wconf 81' lang='grc' dir='ltr'><strong><em>θεμιτόν]</em></strong></span> <span class='ocrx_word' id='word_1_236' title='bbox 549 2899 624 2970; x_wconf 83' lang='grc' dir='ltr'><strong><em>κατδι</em></strong></span> <span class='ocrx_word' id='word_1_237' title='bbox 640 2901 690 3010; x_wconf 68' lang='grc' dir='ltr'><strong><em>τήν</em></strong></span> <span class='ocrx_word' id='word_1_238' title='bbox 700 2913 731 2971; x_wconf 86' lang='lat' dir='ltr'><em>K</em></span> <span class='ocrx_word' id='word_1_239' title='bbox 730 2906 848 3011; x_wconf 66' lang='grc' dir='ltr'><strong><em>έβηγα“</em></strong></span> <span class='ocrx_word' id='word_1_240' title='bbox 831 2905 915 2991; x_wconf 80' lang='grc' dir='ltr'><strong><em>ήτόξ</em></strong></span> <span class='ocrx_word' id='word_1_241' title='bbox 916 2934 943 2984; x_wconf 88' lang='grc' dir='ltr'><strong><em>ις</em></strong></span> <span class='ocrx_word' id='word_1_242' title='bbox 951 2931 1009 2973; x_wconf 89' lang='grc' dir='ltr'><strong><em>των</em></strong></span> <span class='ocrx_word' id='word_1_243' title='bbox 1022 2911 1153 3010; x_wconf 85' lang='grc' dir='ltr'><strong><em>προβλη-</em></strong></span> 
     </span>
     <span class='ocr_line' id='line_1_31' title="bbox 152 2978 1153 3096; baseline 0.001 -42"><span class='ocrx_word' id='word_1_244' title='bbox 152 2986 266 3072; x_wconf 86' lang='grc' dir='ltr'><strong><em>μότων·</em></strong></span> <span class='ocrx_word' id='word_1_245' title='bbox 287 2985 319 3054; x_wconf 80' lang='grc' dir='ltr'><strong><em>τὸ</em></strong></span> <span class='ocrx_word' id='word_1_246' title='bbox 336 2996 453 3096; x_wconf 79' lang='grc' dir='ltr'><strong><em>πρῶτον</em></strong></span> <span class='ocrx_word' id='word_1_247' title='bbox 468 2985 665 3075; x_wconf 83' lang='grc' dir='ltr'><strong><em>πρόβλημα</em></strong></span> <span class='ocrx_word' id='word_1_248' title='bbox 637 3017 669 3055; x_wconf 88' lang='grc' dir='ltr'><strong><em>το</em></strong></span> <span class='ocrx_word' id='word_1_249' title='bbox 681 2986 722 3073; x_wconf 79' lang='grc' dir='ltr'><strong><em>μή</em></strong></span> <span class='ocrx_word' id='word_1_250' title='bbox 738 2987 850 3075; x_wconf 83' lang='grc' dir='ltr'><strong><em>έξόγειν</em></strong></span> <span class='ocrx_word' id='word_1_251' title='bbox 862 2987 979 3070; x_wconf 79' lang='grc' dir='ltr'><strong><em>ἑαυτόν,</em></strong></span> <span class='ocrx_word' id='word_1_252' title='bbox 999 3013 1034 3052; x_wconf 89' lang='grc' dir='ltr'><strong><em>ου</em></strong></span> <span class='ocrx_word' id='word_1_253' title='bbox 1022 2978 1153 3073; x_wconf 74' lang='grc' dir='ltr'><strong><em>ἐπιχεί-</em></strong></span> 
     </span>
     <span class='ocr_line' id='line_1_32' title="bbox 153 3068 739 3181; baseline 0.007 -45"><span class='ocrx_word' id='word_1_254' title='bbox 153 3099 232 3158; x_wconf 82' lang='grc' dir='ltr'><strong><em>ρημα</em></strong></span> <span class='ocrx_word' id='word_1_255' title='bbox 242 3068 375 3181; x_wconf 82' lang='grc' dir='ltr'><strong><em>μυθικὸν</em></strong></span> <span class='ocrx_word' id='word_1_256' title='bbox 386 3076 415 3152; x_wconf 81' lang='grc' dir='ltr'><strong><em>ἕξ</em></strong></span> <span class='ocrx_word' id='word_1_257' title='bbox 423 3068 552 3178; x_wconf 87' lang='grc' dir='ltr'><strong><em>Ὀρφέως</em></strong></span> <span class='ocrx_word' id='word_1_258' title='bbox 563 3077 690 3157; x_wconf 83' lang='grc' dir='ltr'><strong><em>ληφθέν.</em></strong></span> <span class='ocrx_word' id='word_1_259' title='bbox 709 3082 739 3140; x_wconf 85' lang='lat' dir='ltr'><strong><em>S.</em></strong></span> 
     </span>
    </p>

    <p class='ocr_par' dir='ltr' id='par_1_12' title="bbox 151 3153 1154 3412">
     <span class='ocr_line' id='line_1_33' title="bbox 235 3153 1153 3264; baseline 0.003 -43"><span class='ocrx_word' id='word_1_260' title='bbox 235 3166 269 3222; x_wconf 93' lang='lat' dir='ltr'>D</span> <span class='ocrx_word' id='word_1_261' title='bbox 291 3184 375 3235; x_wconf 88' lang='grc' dir='ltr'><strong><em>ουτος</em></strong></span> <span class='ocrx_word' id='word_1_262' title='bbox 388 3184 404 3223; x_wconf 95' lang='grc' dir='ltr'><strong><em>ο</em></strong></span> <span class='ocrx_word' id='word_1_263' title='bbox 422 3159 568 3236; x_wconf 86' lang='grc' dir='ltr'><strong><em>Φιλόλαος</em></strong></span> <span class='ocrx_word' id='word_1_264' title='bbox 582 3155 793 3263; x_wconf 79' lang='grc' dir='ltr'><strong><em>Πυθαγόρειος</em></strong></span> <span class='ocrx_word' id='word_1_265' title='bbox 799 3148 859 3262; x_wconf 85' lang='grc' dir='ltr'><strong><em>ήν,</em></strong></span> <span class='ocrx_word' id='word_1_266' title='bbox 875 3153 1031 3237; x_wconf 78' lang='grc' dir='ltr'><strong><em>έξΊταλίας</em></strong></span> <span class='ocrx_word' id='word_1_267' title='bbox 1044 3183 1153 3264; x_wconf 84' lang='grc' dir='ltr'><strong><em>πεφευ-</em></strong></span> 
     </span>
     <span class='ocr_line' id='line_1_34' title="bbox 151 3235 1154 3348; baseline 0.004 -44"><span class='ocrx_word' id='word_1_268' title='bbox 151 3235 210 3346; x_wconf 81' lang='grc' dir='ltr'><strong><em>γοδς</em></strong></span> <span class='ocrx_word' id='word_1_269' title='bbox 220 3237 314 3308; x_wconf 77' lang='grc' dir='ltr'><strong><em>διδ</em></strong></span> <span class='ocrx_word' id='word_1_270' title='bbox 286 3268 338 3307; x_wconf 89' lang='grc' dir='ltr'><strong><em>τον</em></strong></span> <span class='ocrx_word' id='word_1_271' title='bbox 356 3238 571 3348; x_wconf 76' lang='grc' dir='ltr'><strong><em>ἐμπρησμὸν</em></strong></span> <span class='ocrx_word' id='word_1_272' title='bbox 541 3269 594 3308; x_wconf 91' lang='grc' dir='ltr'><strong><em>τον</em></strong></span> <span class='ocrx_word' id='word_1_273' title='bbox 610 3239 676 3308; x_wconf 89' lang='grc' dir='ltr'><strong><em>τότε</em></strong></span> <span class='ocrx_word' id='word_1_274' title='bbox 691 3235 751 3306; x_wconf 80' lang='grc' dir='ltr'><strong><em>όπδ</em></strong></span> <span class='ocrx_word' id='word_1_275' title='bbox 740 3240 899 3348; x_wconf 81' lang='grc' dir='ltr'><strong><em>Γόλφνος</em></strong></span> <span class='ocrx_word' id='word_1_276' title='bbox 909 3238 1049 3325; x_wconf 86' lang='grc' dir='ltr'><strong><em>γεγονότα</em></strong></span> <span class='ocrx_word' id='word_1_277' title='bbox 1060 3238 1149 3308; x_wconf 80' lang='grc' dir='ltr'><strong><em>διὰ</em></strong></span> <span class='ocrx_word' id='word_1_278' title='bbox 1121 3268 1154 3307; x_wconf 92' lang='grc' dir='ltr'><strong><em>το</em></strong></span> 
     </span>
     <span class='ocr_line' id='line_1_35' title="bbox 151 3321 1154 3412; baseline 0.003 -23"><span class='ocrx_word' id='word_1_279' title='bbox 151 3322 354 3410; x_wconf 69' lang='grc' dir='ltr'><strong><em>ἀνεπιτήδειον</em></strong></span> <span class='ocrx_word' id='word_1_280' title='bbox 365 3354 456 3393; x_wconf 90' lang='grc' dir='ltr'><strong><em>αυτον</em></strong></span> <span class='ocrx_word' id='word_1_281' title='bbox 464 3350 538 3412; x_wconf 84' lang='grc' dir='ltr'><strong><em>προς</em></strong></span> <span class='ocrx_word' id='word_1_282' title='bbox 549 3323 757 3408; x_wconf 79' lang='grc' dir='ltr'><strong><em>φιλοσοφέαν”</em></strong></span> <span class='ocrx_word' id='word_1_283' title='bbox 739 3351 810 3391; x_wconf 87' lang='grc' dir='ltr'><strong><em>οντα</em></strong></span> <span class='ocrx_word' id='word_1_284' title='bbox 820 3321 1007 3410; x_wconf 81' lang='grc' dir='ltr'><strong><em>απελαθήναι</em></strong></span> <span class='ocrx_word' id='word_1_285' title='bbox 1018 3335 1069 3392; x_wconf 84' lang='grc' dir='ltr'><strong><em>τοῦ</em></strong></span> <span class='ocrx_word' id='word_1_286' title='bbox 1081 3324 1154 3410; x_wconf 85' lang='grc' dir='ltr'><strong><em>ὁμα-</em></strong></span> 
     </span>
    </p>
   </div>
   <div class='ocr_carea' id='block_1_5' title="bbox 0 0 1208 3764">
    <p class='ocr_par' dir='ltr' id='par_1_13' title="bbox 0 0 1208 3764">
     <span class='ocr_line' id='line_1_36' title="bbox 0 0 1208 3764; baseline 0 0"><span class='ocrx_word' id='word_1_287' title='bbox 0 0 1208 3764; x_wconf 95' lang='lat' dir='ltr'><strong><em> </em></strong></span> 
     </span>
    </p>
   </div>
  </div>
 </body>
</html>
