2408 3764
415 197 680 257 αιτιενοκιε
695 189 733 275 μ.
1053 196 1075 262 7

67 384 156 436 πονς
172 354 403 433 ἀπαιδεύτους·
433 351 550 438 σχεδόν
565 351 640 436 γάρ,
661 351 704 430 ός
719 357 791 440 ἐμοὶ
809 359 910 441 δοκεῖ,
929 353 990 423 οάκ
1006 361 1075 424 ἔστι

70 457 199 525 τούτων
211 456 295 537 πρὸς
305 451 384 530 τούς
394 449 538 528 πολλοὺς
549 453 850 537 καταγελαστότερα
867 450 1072 541 ἀκοόσματα,

44 562 48 577 “
67 552 145 622 οὐδ’
160 546 205 619 αὖ
214 550 297 636 πρὸς
308 553 386 628 τούς
402 549 537 633 εὐφυεῖς
555 547 808 633 θαυμαστότερά
826 577 862 618 τε
874 553 929 620 καὶ
948 554 1074 620 ἔνθου·
1132 569 1138 585 ’

69 647 315 763 σιασμμκιότερα.
338 646 497 720 πολλάκις
515 642 551 708 δὲ
568 639 729 724 λεγόμενα
745 649 799 712 καλ
816 643 866 714 ἀεί
882 645 1073 735 ἀκουόμενα

69 748 124 814 καὶ
149 745 254 813 πολλοὶ
279 751 334 829 ἔτη
356 742 452 828 μόγις
475 737 584 818 ὥσπερ
605 735 726 820 χρυσός
746 742 972 828 ἐκκαθαίρεται
991 746 1072 834 μετὰ

70 851 195 928 πολλῆς
215 844 447 925 πραγματείας.
481 830 500 901 δ’
526 833 560 901 δὲ
581 831 779 919 θαυμαστόν
802 838 904 909 αὐτοῦ
923 849 1071 931 γέγονεν,

68 940 229 1008 ἀκονσον.
252 941 313 1002 είσδ
326 935 391 1020 γὰρ
408 932 582 1018 ἀνθρωττοι
599 937 704 999 ταῦτα
720 929 896 1016 ἀκηκοότες
907 943 961 1007 καὶ
981 951 1072 1010 πλεί-

70 1063 142 1121 ους,
154 1034 293 1101 δυνατοὶ
303 1030 363 1115 μὲν
373 1039 503 1117 μαθεῖν,
517 1031 653 1097 δυνατοί
664 1029 700 1097 δὲ
710 1037 938 1115 μνημονεῦσαι
951 1041 1005 1102 καὶ
1016 1047 1070 1123 βα·
1088 1055 1108 1103 Β

71 1137 274 1206 σανίσαντες
286 1128 390 1213 πάντη
408 1128 537 1205 πάντως
556 1141 677 1213 κρίναι,
694 1130 848 1212 γέροντες
856 1125 919 1215 ἤδη
936 1134 990 1197 καὶ
1011 1132 1073 1200 οὐκ

73 1227 198 1294 ἐλάττω
205 1225 377 1309 τριάκοντα
389 1229 471 1292 ἐτοῖν
483 1219 672 1310 ἀκηκοότες,
680 1230 715 1291 οἳ
721 1233 786 1292 νῦν
799 1223 874 1311 ἀρτι
887 1233 981 1312 σφίσι
993 1232 1074 1313 φασὶ

76 1320 117 1388 τά
129 1321 188 1406 μὲν
198 1321 270 1388 τότε
279 1319 477 1390 ἀπιστότατα
487 1323 628 1401 δόξαντα
641 1319 725 1388 εἶναι
741 1328 806 1389 νῦν
822 1324 1001 1392 πιστότατα
1018 1326 1074 1393 καὶ

71 1420 288 1504 ἐναργέστατα
296 1425 486 1504 φαίνεσθαι,
494 1414 516 1485 δι’
525 1411 564 1486 ιδὲ
574 1419 647 1486 τότε
659 1419 847 1505 πιστότατα,
859 1430 923 1489 νῦν
934 1419 1073 1490 τούναν-

69 1525 152 1586 τίον.
174 1517 256 1606 πρδς
267 1516 359 1586 ταῦτ’
374 1512 436 1585 οὖν
447 1525 581 1585 σκοπῶν
593 1515 749 1605 εὐλαβοῦ,
762 1517 808 1605 μή
819 1525 898 1587 ποτέ
908 1541 961 1588 σοι
972 1547 1073 1607 μετα-

68 1615 196 1708 μελήσῃ
206 1622 274 1682 τάυ
284 1623 349 1683 νῦν
361 1608 501 1694 ἀναξίως
511 1614 733 1682 ἐκπεσόντων·
746 1623 879 1702 μεγίστη
891 1616 1070 1704 δδφυλακη

68 1711 107 1780 τὸ
126 1711 170 1799 μὴ
192 1712 335 1798 γράφειν
348 1710 421 1781 ἀλλ’
444 1712 682 1798 ἐκμανθάνειν·
707 1712 748 1779 οὐ
763 1715 828 1799 γάρ
846 1720 914 1782 ἔστι
932 1714 972 1782 τά
986 1732 1107 1801 γραῦ

67 1815 173 1896 φίντα
184 1811 227 1897 μὴ
240 1809 302 1879 οὐκ
314 1812 471 1879 ἐκπεσεῖν.
495 1809 663 1879 διάταάτα
674 1809 774 1879 οὐδὲν
784 1809 911 1880 πώποτ’
923 1815 1072 1900 ἐγοδπερδ

67 1908 199 1977 τούτων
209 1911 371 1996 γέγραφα,
389 1907 464 1977 οὐδ’
481 1913 548 1977 ἔστι
565 1908 764 1995 σύγγραμμα
779 1909 957 1988 Πλάτωνος
973 1909 1073 1980 οὐδὲν

69 2003 144 2074 οὐδ’
164 2013 264 2092 ἔσται,
286 2005 326 2074 τά
344 2006 380 2074 δὲ
399 2015 464 2075 νῦν
480 2007 643 2092 λεγόμενα
659 2006 864 2093 ,Σωκράτους
878 2010 945 2077 ἐστὶ
966 2016 1072 2076 καλοῦ

68 2106 124 2172 καὶ
135 2107 215 2172 νέου
225 2104 410 2189 γεγονότος.
433 2109 559 2186 ἔρρωσο
571 2105 624 2170 καὶ
643 2110 775 2188 πείθου,
787 2107 843 2172 καὶ
859 2104 928 2191 τὴν·
940 2108 1072 2172 ἐπιστο-

68 2200 133 2287 λὴν
149 2201 351 2287 ταότηννόν
362 2207 496 2284 πρῶτον
506 2199 665 2279 πολλάκις
676 2199 840 2286 ἀναγνοὺς
851 2202 1070 2269 κατάκαυσον.

156 2306 267 2372 Ταῦτα
277 2300 340 2384 μὲν
350 2298 462 2386 ταότη.
483 2301 559 2382 περὶ
569 2300 604 2367 δὲ
615 2303 807 2379 Πολυξένου
817 2298 1071 2384 ἐθαύμασαςότι

69 2396 113 2464 οὐ
130 2402 292 2484 πέμψαιμί
310 2421 379 2468 σοι·
401 2400 466 2485 ἐγώ
483 2398 520 2468 δὲ
535 2401 590 2467 καὶ
604 2401 679 2486 περὶ
693 2398 913 2484 Λυκόφρονος
929 2400 984 2467 καὶ
1002 2406 1069 2466 τοῖν
1090 2422 1111 2469 1)

68 2495 259 2564 ἀλλωντιδν
269 2494 357 2577 παρά
376 2498 428 2565 σοί
444 2494 553 2565 όντων
570 2499 655 2584 λέγω
670 2499 726 2565 καί
740 2496 842 2565 πάλαι
857 2498 912 2566 καὶ
928 2505 994 2565 νῦν
1011 2494 1071 2564 τὸν

63 2590 177 2700 ,αὐτὸν
192 2591 303 2675 λόγον,
322 2592 372 2660 ὅτι
387 2593 471 2679 πρὸς
491 2593 528 2672 τὸ
546 2600 758 2682 διαλεχθῆναι
773 2598 828 2665 καὶ
843 2597 943 2680 φύσει
958 2597 1013 2663 καὶ
1030 2602 1072 2679 τῇ

70 2689 206 2780 μεθόδφ
218 2696 287 2756 τῶν
296 2687 407 2773 λόγων
420 2692 577 2777 πάμπολυ
587 2696 752 2779 διαφέρεις
762 2690 885 2774 αὐτόν,
896 2694 952 2759 καὶ
962 2687 1072 2766 οὐδεὶς

70 2785 183 2856 αὐτῶν
195 2783 282 2857 ἑκάν
293 2787 498 2872 ἐξελέγχεται,
512 2788 556 2866 όός
572 2815 658 2866 τινες
674 2786 982 2871 ὑπολαμβάνουσιν,
998 2781 1069 2852 ἀλλ’
1109 2835 1112 2849 .

70 2885 216 2965 ἄκοντες.
238 2886 294 2953 καὶ
311 2888 419 2962 δοκεῖς
436 2887 548 2969 μέντοι
569 2884 660 2951 πάνυ
677 2889 814 2968 μετρίως
834 2889 1018 2968 κεχρῆσθαί
1036 2910 1071 2952 τε

70 2980 182 3062 αὐτοῖς
199 2985 255 3050 καὶ
268 2987 487 3070 δεδωρῆσθαι.
507 2987 609 3049 ταῦτα
630 2984 691 3067 μὲν
712 2979 943 3068 περὶτούτων,
965 2983 1071 3051 πολλοὶ

72 3079 116 3158 ὡς
130 3081 204 3164 περὶ
213 3079 389 3148 τοιούτων·
413 3085 604 3148 Φιλιστίωνι
615 3081 661 3164 δέ,
674 3084 704 3146 εί
712 3077 774 3165 μὲν
784 3076 884 3159 αὐτὸς
894 3087 967 3166 χρῇ,
976 3079 1071 3166 σφό-

70 3185 135 3264 δρα
144 3185 223 3264 χροὶ,
235 3182 266 3246 εί
284 3176 320 3245 δὲ
336 3174 408 3247 οάόν
425 3204 470 3264 τε,
488 3182 693 3267 Σπευσίππῳ
705 3183 830 3264 χρῆσον
846 3181 901 3246 καὶ
919 3175 1069 3263 ἀπόπεμ-
1087 3192 1107 3240 Ε
1127 3236 1128 3240 ,

22 3288 24 3292 ’
70 3291 146 3357 φον.
160 3279 261 3344 δεῖται
273 3276 309 3345 δὲ
321 3279 449 3346 σοῦ”καῑ
465 3277 696 3356 Σπεύσιππος·
716 3274 873 3363 ὑπέσχετο
893 3279 932 3344 δέ
943 3303 999 3361 μοι
1016 3279 1071 3343 καὶ

69 3380 259 3460 Φιλιστίων,
271 3380 302 3444 εί
310 3372 353 3442 σύ
363 3373 478 3463 ἀφείης
489 3373 602 3463 αὐτόν,
611 3370 701 3462 ἥξειν
708 3373 894 3460 προθύμως
901 3370 1072 3458 Ἀθήναζε.
