2408 3764
128 217 171 285 σο
476 209 794 295 τιιιενοιιιεῖ.

129 379 171 450 τὰ
188 387 336 467 τοιαῦτα,
349 374 401 459 ’ὡς
417 383 606 446 Διονυσίου
624 378 734 447 πάντα
752 379 970 465 διακηκοότος
988 379 1053 450 ὅσα
1070 389 1142 453 διε-

130 480 283 568 νοούμην
298 475 375 564 ἐγώ.
387 473 405 543 6
419 477 456 544 δὲ
468 473 547 544 οὔτε
559 472 668 556 ἄλλως
679 477 769 544 ἐστὶν
780 475 894 565 ἀφυής
905 479 990 566 πρὸς
1002 478 1065 568 τήν
1078 489 1142 551 τοῦ

131 577 322 666 μανθάνειν
329 575 481 698 δύναμιν
492 572 669 660 φιλότιμός
679 600 715 642 τε
707 583 947 695 θαυμαστῶς·
971 577 1098 698 ήρεσκί
1106 608 1142 651 τε

131 670 196 745 οὖν
206 684 286 756 ίσως
295 672 389 766 αὐτῷ
398 670 439 741 τὰ
451 672 617 794 λεγόμενα
628 667 793 761 ήσχόνετό
807 700 843 741 τε
854 674 1004 765 φανερός
1022 682 1142 765 γιγνό-

94 789 115 841 ss
131 779 232 862 μενος
249 769 389 843 οόδὲν’
370 769 523 894 ακηκοοδς
540 769 579 839 ὅτ
581 769 802 859 ’ἐπεδήμουν
813 772 923 861 ἐγω’,”
902 775 1022 844 οθεν“
999 805 1069 865 αμα
1079 781 1142 886 666

132 879 178 955 είς
188 871 423 961 .ἐπιθνμίαν”
400 898 454 962 ηει
469 896 531 939 του
519 874 728 938 διακοῦσαι
745 873 1041 963 ἐναργέστερον,”
1017 904 1086 964 αμα
1103 859 1140 948 δ

130 966 674 1061 ἡφιλοτιμίακατήπειγεναότόν.
698 967 745 1038 δι’
766 999 788 1038 α
773 967 901 1039 Ἡδὲ
860 1000 925 1042 ουκ
941 972 1089 1062 ἤκουσεν
1102 983 1140 1046 ἐν

130 1098 177 1193 τη
155 1072 337 1160 πρόσθεν
354 1073 521 1159 ἐπιδημία,
539 1072 609 1150 διεξ
592 1068 762 1155 ξήλθομεν
778 1073 816 1137 ἐν
831 1085 901 1152 τοῖς
917 1070 988 1142 ἄνω
1006 1077 1139 1165 ῥηθεῖσι

131 1177 199 1240 νόν
210 1168 253 1291 δή
265 1171 387 1256 λόγοις
401 1161 573 1256 ἐπειδή’
528 1194 594 1236 ουν
605 1171 723 1236 οἴκαδέ
731 1193 767 1236 τε
777 1170 914 1258 ἐσοίθην
922 1177 979 1241 καὶ
992 1183 1139 1245 καλοῦν-

131 1295 187 1349 τος
208 1267 246 1337 τδ
268 1269 432 1354 δεύτερον
456 1264 673 1356 ἀπηρνήθην,
696 1267 852 1355 καθάπερ
877 1266 972 1339 εἶπον
994 1280 1062 1341 νῦν
1086 1276 1145 1400 δή,

132 1373 227 1437 δοκεῖ
235 1393 293 1453 μοι
303 1365 489 1446 Διονύσιος
505 1365 696 1434 παντάπασι
708 1374 984 1490 φιλοτιμηθῆναι,
1001 1373 1048 1457 μή
1061 1376 1145 1443 ποτέ

132 1487 199 1536 τισι
211 1466 576 1553 δοξαιμικαταφρονων
587 1491 705 1554 αυτου,
713 1491 772 1555 της
783 1467 919 1554 φυσεως
929 1493 965 1537 τε
975 1470 1030 1537 καί
1042 1471 1142 1553 ἕξεως

65 1565 156 1626 ³39⁰
134 1594 201 1655 αμα
222 1568 279 1636 καί
301 1572 361 1654 τής
382 1570 510 1650 διαίτης
530 1568 686 1653 ἔμπειρος
702 1567 861 1656 γεγονός,
873 1565 974 1637 οὐκέτ
976 1564 1141 1640 ’ἐθέλειν

134 1672 371 1756 δυσχεραίνων
373 1690 441 1753 παρ
469 1662 576 1734 αὐτὸν
587 1660 817 1754 ἀφικνεῖσθαι.
838 1673 966 1750 δικαιος
976 1668 1018 1756 δη
1030 1670 1141 1757 λεγειν

135 1793 151 1837 ε
151 1769 200 1855 ίμλ
210 1763 417 1863 τᾶληθδςκαὶ
427 1762 621 1854 ὑπομένειν,
632 1773 666 1834 εί
672 1792 722 1846 τις
733 1764 799 1855 ιἰρα
809 1767 849 1835 τὰ
860 1767 1024 1855 γεγονότα
1035 1767 1140 1839 6606-

135 1887 195 1947 σας
208 1863 457 1952 καταφρονήσει
469 1871 528 1951 τῆς
538 1867 619 1951 ἐμῆς
630 1870 843 1954 φιλοσοφίας,
855 1863 917 1935 τόν
925 1867 1140 1954 τόραννονδέ

134 1961 294 2052 ἡγήσεται
304 1969 392 2031 νοῦν
403 1967 500 2050 ἐχειν.
515 1968 641 2051 ἔπεμψε
652 1962 715 2049 μὲν
732 1963 797 2052 γὰρ
816 1962 857 2049 δή
870 1966 1055 2048 Διονύσιος
1068 1973 1142 2056 τρί-

133 2056 194 2135 τὀν
205 2059 258 2131 ἐπ’
273 2062 330 2150 ἐμὲ
340 2063 460 2182 τριήρη
472 2063 646 2184 ήᾳστεόνης
662 2064 761 2131 ἕνεκα
777 2069 836 2150 τῆς
849 2071 996 2151 πορείας,
1015 2069 1142 2150 ἔπεμψε

135 2163 173 2230 δὲ
186 2156 431 2251 Ἀρχίδημον,
409 2187 452 2228 ον
466 2158 580 2249 ἡγεῖτό
597 2187 639 2248 με
655 2165 724 2229 τοίν
741 2161 779 2227 ἐν
796 2166 936 2246 Σικελίηι
954 2160 1030 2244 περὶ
1046 2169 1144 2229 πλεί-

97 2269 117 2319 Β
135 2279 218 2328 στου
230 2270 412 2348 ποιεῖσθαι,
424 2266 493 2328 τοῖν
508 2258 648 2348 Ἀργότη
665 2253 919 2342 ξυγγεγουότων
931 2256 1001 2376 ἕνα,
1012 2256 1102 2324 κου’
1080 2268 1143 2329 αλ-

135 2364 215 2438 λους
225 2366 416 2447 γνωριμους
426 2383 495 2426 των
507 2360 544 2425 ἐν
553 2358 709 2443 Σικελίᾳ
729 2377 827 2420 ουτοι
836 2349 902 2420 δὲ
884 2366 965 2439 μίν
974 2351 1141 2441 ηγγελλου

135 2453 257 2534 πάντες
267 2457 328 2523 τὸν
340 2452 446 2524 αὐτὸν
457 2450 614 2541 λόγον,
590 2480 636 2534 ως
646 2447 883 2538 θαυμαστόν“
862 2470 946 2520 οσον
956 2452 1141 2538 Διονύσιος

136 2549 345 2631 ἐπιδεδωκὼς
357 2559 409 2638 ελη
421 2550 505 2640 πρὸς
523 2555 738 2638 φιλοσοφίαν.
761 2554 888 2637 ἔπεμψε
906 2551 944 2620 δὲ
960 2552 1140 2641 ἐπιστολήν

135 2648 226 2721 πάνυ
243 2650 387 2740 μακράν,
406 2649 503 2732 είδοδς
520 2648 565 2731 ὦς
582 2648 668 2740 πρὸς
683 2656 801 2719 Δίωνα
820 2656 991 2741 διεκείμην
1006 2654 1063 2721 καί
1078 2653 1140 2740 τήν

136 2742 181 2820 αὖ
191 2757 325 2835 Δίωνος
336 2757 532 2842 προθυμίαν
542 2758 605 2819 τοῦ
616 2749 673 2840 ἐμὲ
684 2760 780 2822 πλεῖν
792 2756 848 2821 καὶ
857 2759 904 2833 είς
914 2751 1139 2839 Συρακούσας

135 2853 267 2921 ἐλθεῖν·
291 2851 376 2942 πρὸς
392 2849 456 2940 γὰρ
472 2849 513 2939 δή
534 2851 643 2921 πάντα
660 2858 765 2920 ταῦτα
782 2845 826 2939 ήν
844 2850 1139 2938 παρεσκευασμένη

136 2948 198 3072 τήν
214 2947 323 3040 ἀρχὴν
334 2946 493 3073 ἔχουσαή
502 2951 670 3038 ἐπιστολή,
682 2954 764 3041 τήδέ
778 2974 825 3039 πη
842 2949 1032 3038 φράζουσα·
1054 2957 1140 3017 Διο-

103 3059 122 3110 0
139 3051 436 3131 νόσιοςΠλίτωνι.
458 3051 499 3120 τὰ
509 3051 635 3139 νόμιμα
651 3054 705 3118 ἐπὶ
721 3051 854 3130 τούτοις
871 3076 886 3118 ε
888 3056 975 3119 πων
986 3046 1135 3118 οὐδὲν
1101 3073 1139 3116 το

119 3147 219 3236 μετὰ
228 3155 329 3219 τοῦτο
341 3148 412 3221 εἶπε
424 3145 629 3273 πρότερον,ή
638 3145 697 3268 69,
708 3142 751 3215 ἂν
763 3153 936 3229 είςΣικελί
935 3176 977 3217 αν
989 3148 1141 3228 πεισθεὶς

32 3262 42 3323 λ
136 3245 201 3373 66'
214 3246 310 3336 6666
321 3249 469 3342 ἐλθης
434 3279 474 3320 τα
487 3257 564 3372 νῦν,
577 3253 712 3333 πρῶτον
728 3249 790 3334 μέν
807 3265 861 3315 σοι
877 3274 918 3315 τα
904 3245 1012 3334 περὶ
1022 3252 1141 3316 Δίωνα

135 3343 277 3438 ὑπάρξει
289 3348 394 3439 ταότη
404 3351 587 3471 γιγνόμενα
603 3370 744 3436 οπηπερ
740 3341 792 3414 ἂν
810 3343 912 3425 αὐτὸς
930 3347 1058 3434 ἐθέλης,
1076 3353 1140 3412 θε-

80 3442 239 3540 We&
246 3447 407 3556 σερίδ’
379 3475 435 3522 οτι
453 3477 495 3521 τα
483 3438 716 3540 μέτριωιιιδ
733 3444 797 3533 ἐγὼ
814 3443 1087 3532 ουγηωρήσομαι·
1111 3447 1143 3511 εί
