2408 3764
408 169 681 230 ΕΠΙΣΤΟΛΗ
697 159 744 238 ις’.
768 157 812 240 ιζ’.

517 416 665 508 *IS-ss*

137 667 139 672 ·
182 627 352 706 Πολλάκις
371 627 634 714 άυαγγὲλλοντος
649 624 888 721 Ἀθηνοδώρου
908 623 971 712 τήν
992 620 1112 713 ὑμετέ-

98 751 164 814 ραν
180 731 386 812 προαίρεσιν,
403 729 597 814 ἐδοκίμαζον
611 724 743 812 γράψας
758 720 842 807 πρὸς
857 718 944 809 ὑμᾶς
957 719 1112 793 άσπάσα-

99 829 185 891 σβαί
197 847 233 890 τε
249 825 304 892 καλ
325 831 594 911 προσαγορεῦσαι
610 826 667 892 καὶ
682 820 738 890 διὰ
755 821 818 907 τὴν
835 817 921 908 πρὸς
937 821 993 907 ἐμὲ
1004 823 1112 910 συνή-

96 929 208 1005 θειαν,
219 911 261 1005 ἧς
271 926 435 1005 φαίνεσθε
446 917 680 1036 μνιμιονεάεινς
688 920 744 989 καλ
751 918 835 988 διότι
845 918 1112 1003 περλΔιονάσιον

96 1016 211 1105 ’ὅμοιοι
221 1019 388 1102 διαμένετε
400 1030 472 1096 ταῖς
483 1022 637 1094 ευνοίαις.
659 1016 768 1103 ἤθους
779 1016 843 1104 γὰρ
852 1021 964 1100 κρίσιν
976 1015 1112 1105 άκριβε·

99 1118 222 1200 στέραν
237 1110 397 1200 οὐδεμίαν
418 1111 563 1200 ἡγοῦμαι
576 1120 635 1200 τῆς
651 1118 689 1183 ἐν
712 1121 806 1204 φιλίᾳ
828 1111 1050 1203 βεβαιότητος,
1072 1105 1110 1201 ἧς

101 1211 190 1299 ὑμᾶς
201 1209 405 1296 αἰσθάνομαι
416 1214 472 1278 καὶ
488 1208 578 1298 παρά
595 1208 656 1296 τὴν
673 1207 806 1297 ἡλικίαν
821 1213 1110 1299 ἐπιμελουμένους.

103 1310 147 1390 ώς
157 1303 221 1378 οὖν
231 1313 286 1378 καλ
303 1307 358 1376 διά
369 1318 474 1378 ταῦτα
485 1313 541 1379 καλ
552 1306 607 1378 διά
619 1306 681 1397 τὴν
692 1308 797 1396 άλλην
808 1313 985 1377 ε’πιείκειαν
1002 1307 1110 1398 όμών,

101 1405 144 1496 ἣν
153 1405 371 1494 πυνθάνομαι
381 1405 468 1476 πολὺ
487 1415 614 1494 μᾶλλον
631 1414 697 1476 νῦν
711 1406 733 1496 ἢ
750 1407 868 1494 πρώην
883 1403 1112 1492 ἀπερχομένου

102 1532 178 1593 μου,
190 1513 355 1591 πειρᾶσθε
364 1508 419 1575 καλ
435 1504 497 1574 τόν
514 1505 700 1574 ὑπόλοιπον
713 1505 836 1592 χρόνον
852 1501 936 1572 εἶναι
953 1496 1112 1592 τοιοῦτοι,

105 1608 289 1689 νομίζοντες
296 1603 582 1690 ἐλευθεριωτάτιγν
593 1605 791 1688 ἐπικαρπίαν
803 1601 886 1670 εἶναι
893 1607 951 1689 τῆς
957 1600 1113 1689 τοιαύτης

105 1705 284 1781 διαθέσεως
293 1703 356 1787 τὴν
371 1700 460 1788 παρά
472 1711 540 1770 τών
552 1693 592 1769 εὖ
604 1702 737 1783 ζώντων
749 1699 926 1788 εὐφημίαν.

561 2097 670 2165 .*ΙΖ.*

61 2379 63 2384 ¹
190 2297 367 2384 Γεώργιος,
379 2288 406 2388 ᾦ
417 2293 480 2385 τὴν
490 2295 667 2383 ἐπιστολὴν
679 2300 818 2378 δέδωκα,
830 2302 896 2363 τών
916 2303 1025 2381 φίλων
1035 2294 1113 2384 ἡμίν

107 2397 174 2464 ἐστὶ
185 2403 252 2464 τών
264 2395 557 2483 συνεσχολακότων
564 2394 687 2481 χρόνον
698 2391 760 2480 ἤδη
773 2391 890 2480 πολύν,
904 2397 959 2463 καὶ
969 2395 1005 2463 τὸ
1017 2387 1113 2484 ἦθος,

108 2488 215 2569 ώςκαλ
229 2489 320 2577 ἡμεῖς
334 2490 626 2581 ὑπολαμβάνομεν,
646 2489 756 2577 ώσπερ
774 2516 823 2570 τις
838 2488 937 2573 ἄλλος
954 2493 1112 2578 ἐπιεικής·

108 2588 158 2658 διὸ
170 2591 225 2656 καλ
235 2595 304 2658 τών
313 2589 398 2659 κατὰ
411 2597 613 2680 φιλοσοφίαν
622 2588 912 2677 κεκοινωνήκαμεν
922 2589 1023 2678 αὐτῷ.
1035 2597 1117 2653 τοῦ·

107 2712 167 2756 τον
184 2680 248 2755 οὖν
263 2688 372 2758 ἐδόκει
386 2715 443 2776 μοι
459 2697 569 2768 καλώς
585 2695 671 2776 ἔχειν
687 2695 852 2777 συστῆσαί
866 2707 933 2756 σοι·
953 2686 1032 2762 τοὺς
1048 2682 1116 2771 γὰρ

75 2822 78 2827 ·
109 2784 271 2874 χρηστοδς
282 2778 322 2854 εὖ
333 2785 407 2856 οἰδα
419 2786 470 2857 ότι
479 2793 595 2876 βούλει
610 2794 792 2876 γνωρίζειν,
804 2787 912 2860 άλλως
928 2780 960 2850 τ’
976 2783 1046 2849 ἐπεὶ
1060 2785 1117 2851 καὶ

110 2893 235 2978 γειτνιᾷ
247 2891 286 2972 τῇ
298 2887 399 2977 χώρᾳ.
407 2888 563 2974 τυγχάνει
576 2886 641 2975 γάρ
653 2881 863 2966 ώνΚιεριεύς
873 2884 928 2949 καλ
934 2884 1044 2969 μέλλει
1051 2888 1117 2948 νῦν

110 2991 197 3050 οίκοι
206 2995 375 3066 ποιεῖσθαι
384 2984 448 3072 τὴν
458 2987 646 3075 διατριβήν·
665 2989 756 3052 ἔσται
772 2979 809 3048 δὲ
825 2979 984 3059 σύστασις
998 2979 1118 3066 ’άοχλός

110 3078 379 3163 οοιιιαλάλυπος·
401 3080 546 3171 εὐλαβής
554 3108 591 3152 τε
606 3082 670 3169 γάρ
682 3084 750 3149 ἐστι
767 3078 858 3148 πάνυ
868 3088 915 3171 τῷ
926 3079 1049 3170 τρόπῳ,
1062 3080 1118 3147 καὶ

110 3176 295 3266 προῄρηται
304 3187 362 3268 ζῇν
373 3179 605 3268 ἀπραγμόνως.
623 3178 707 3249 άλλά
718 3179 855 3266 γυώριζε
866 3179 925 3247 τόν
935 3177 1053 3266 ἄνδρα,
1062 3179 1119 3247 καὶ

111 3278 270 3362 ἐπιμελοῦ
282 3277 325 3358 ώς
335 3279 489 3348 τοιούτου
499 3283 555 3349 καλ
565 3276 670 3359 οὕτως
682 3283 813 3365 ἔχοντος
824 3276 1005 3366 πρὸςὴμᾶς.
1020 3277 1118 3345 δώσει

66 3414 98 3544 Ι
111 3377 151 3444 δέ
157 3394 210 3445 σοι
220 3380 276 3447 κοιλ
286 3375 364 3458 τούς
378 3379 500 3466 λόγους
509 3367 616 3465 οὗτος,
629 3375 688 3457 οὓς
701 3376 903 3464 άνέγνωμεν.
