2408 3764
408 208 673 268 ΕΠΙΣΤΟΛΗ
692 201 725 281 ζ’.
1031 204 1072 271 31

144 378 272 441 -Ταύτα
301 378 429 459 είρηται
451 366 559 436 πάντα
585 372 644 451 τῆς
665 366 855 454 ξυμβουλῆς
877 368 977 434 ἕνεκα
1004 372 1073 434 τῶν

67 476 247 542 Διωνείων
254 475 364 556 φίλων
370 470 426 536 καὶ
435 471 617 551 ξυγγενῶν·
626 464 844 550 ξυμβουλεύω
856 466 893 533 δὲ
900 464 943 552 δή
950 490 982 532 τι
988 462 1074 553 πρός

68 569 202 651 τούτοις
212 568 274 656 την
284 566 392 653 πότην
399 561 593 654 ξυμβουλὴν
605 560 662 627 καὶ
668 556 769 645 λόγον
776 562 835 630 τὸν
846 560 953 631 αύτόν
964 563 1074 649 λέγων

67 665 135 755 ἤδη
152 674 265 755 τρίτον
283 673 408 755 τρίτοις
425 662 523 749 ὑμῖν·
548 657 593 746 μὴ
611 663 820 728 δουλοῦσθαι
831 669 992 731 Σικελίαν
1007 657 1070 730 ὑπ’

67 767 266 857 ἀνθρώποις
277 761 465 847 δεσπόταις,
473 760 557 846 ’μηδὲ
568 754 674 842 άλλην
686 756 786 825 πόλιν
795 756 815 824 ό
825 758 857 843 γ’
872 762 948 848 ἐμός
960 763 1071 850 λόγος,

69 863 145 934 ἀλλ’
161 864 228 934 ὑπὸ
246 868 380 950 νόμοις·
402 856 482 926 οὔτε
493 856 557 942 γάρ
573 869 642 936 τοῖς
656 858 897 946 δουλουμένοις
914 860 992 930 οὔτε
1003 875 1073 943 τοῖς

68 969 298 1033 δουλωθεῖσιν
309 957 460 1044 άμεινον,
472 959 585 1036 αύτοίς
596 957 651 1022 καί
662 957 760 1024 παισί
775 960 906 1024 παίδων
922 984 957 1025 τε
975 961 1072 1047 ἐκγό-
1089 981 1111 1031 D

68 1089 155 1149 νοις,
167 1059 242 1129 ἀλλ’
257 1059 413 1146 ὀλέθριος
423 1057 554 1136 πάντως
564 1052 586 1142 ἡ
597 1069 708 1144 πείρα,
727 1052 852 1143 σμικρά
867 1058 906 1123 δὲ
923 1058 980 1124 οιαὶ
995 1055 1073 1126 άνε-

70 1161 222 1245 λεύθερα
233 1164 351 1244 ιγυχοῖν
371 1155 440 1244 ἤθη
461 1154 502 1224 τά
515 1160 654 1224 τοιαῦτα
672 1150 834 1241 ἁρπάζειν
849 1157 952 1242 κέρδη
971 1165 1073 1243 φιλεῖ,

70 1254 176 1323 οὐδὲν
196 1263 263 1325 τοῖν
285 1262 332 1335 είς
352 1254 412 1322 τόν
424 1259 541 1323 όπειτα
557 1255 613 1322 ιιαλ
633 1258 680 1333 είς
695 1252 757 1320 τόν
779 1252 933 1341 παρόντα
953 1255 1075 1341 καιρόν

71 1349 212 1438 άγαθοίν
227 1355 283 1420 παὶ
293 1356 434 1420 δικαίων
451 1352 562 1420 είδότα
579 1355 685 1419 θείων
702 1377 738 1420 τε
759 1353 816 1419 καί
832 1349 1072 1440 άνθρωπίνων.

71 1457 320 1538 τοῦτοπρῶτον
330 1450 394 1538 μὲν
404 1457 522 1519 Δίωνα
539 1450 604 1538 ἐγω
620 1455 816 1541 ἐπεχείρησα
833 1459 977 1540 πείθειν,
991 1455 1073 1522 δεό-

67 1575 168 1636 τερου
178 1550 217 1617 δὲ
230 1549 429 1640 Διονύσιον,
442 1557 576 1638 τρίτους
591 1549 629 1620 δὲ
645 1549 733 1638 ύμάς
747 1558 831 1645 νύν·
853 1560 913 1622 καί
924 1579 981 1640 μοι
999 1562 1073 1623 πεί-

66 1648 272 1731 θεσθεΔιδς
293 1657 409 1739 τρίτου
432 1658 585 1739 σωτῆρος
602 1652 712 1739 χάριν,
730 1649 799 1720 είτα
819 1658 867 1733 είς
884 1655 1073 1723 Διονύσιον

68 1750 251 1838 βλέψαντες
262 1753 318 1818 παλ
328 1756 456 1838 Δίωνα,
469 1743 519 1818 τόν
530 1747 548 1818 ὁ
559 1751 622 1837 μὲν
632 1749 677 1836 μὴ
694 1751 899 1837 πειθόμενος
910 1757 948 1842 ζῇ
958 1750 999 1820 τά
1006 1758 1072 1820 νύν

67 1846 109 1916 ού
122 1846 273 1935 καλῶς,ὁ
292 1851 330 1918 δὲ
340 1849 544 1937 πειθόμενος
557 1852 702 1936 τέθνηκε
715 1857 841 1931 καλοῖς·
864 1850 902 1918 τό
920 1850 984 1939 γάρ
999 1859 1068 1920 τοῖν
1086 1870 1106 1917 Ε

66 1955 256 2017 καλλίστων
271 1951 449 2037 ἐφιέμενον
460 1947 552 2040 αύτῷ
563 1951 666 2016 τεκαὶ
681 1948 777 2017 πόλει
795 1949 933 2037 πάσχειν
947 1948 1012 2019 ὅτι
1028 1947 1072 2019 άν

68 2047 178 2137 πάσχη
189 2054 258 2115 πάν
269 2045 380 2131 όρθδν
390 2049 447 2115 καὶ
458 2047 574 2116 καλόν.
596 2044 675 2115 ούτε
686 2045 751 2136 γάρ
768 2052 921 2135 πέφυκεν
937 2047 1072 2118 άθάνα·

67 2170 124 2225 τος
133 2143 230 2232 ἡμῶν
243 2142 369 2232 ούδείς,
384 2142 458 2212 οὔτ’
472 2153 507 2213 εί
514 2170 560 2235 τω
576 2149 730 2232 ξυμβαίη,
749 2149 879 2232 γίνοιτο
898 2143 941 2214 άν
956 2144 1072 2214 εύδαί-

68 2269 153 2331 μων,
164 2241 210 2324 ὡς
221 2248 395 2324 δοκείτοίς
404 2236 554 2324 πολλοῖς·
577 2242 683 2312 κακὸν
699 2243 764 2330 γάρ
783 2247 839 2312 καὶ
856 2242 990 2329 ἀγαθόν
1007 2243 1071 2314 ού-

68 2343 129 2410 δὲν
140 2343 246 2428 λόγου
257 2340 353 2423 άξιύν
365 2343 434 2411 ἐστι
445 2356 515 2424 τοῖς
527 2340 679 2430 άιγύχοις,
691 2340 767 2412 ἀλλ’
779 2341 802 2430 ἢ
818 2341 901 2432 μετὰ
918 2345 1070 2433 σώματος
1087 2371 1139 2424 335

68 2437 158 2528 ούση
166 2447 257 2530 ψυχῇ
265 2445 365 2508 τούτο
372 2439 575 2529 ξυμβήσεται
586 2440 707 2532 ἑκάστη
717 2439 739 2529 ἢ
746 2445 983 2534 πεχωρισμόιη,
996 2451 1071 2513 πεί-

68 2548 198 2608 θεσθαι
208 2538 246 2605 δὲ
257 2536 364 2619 ὄντως
374 2538 426 2608 ἀεὶ
441 2538 505 2628 χρὴ
516 2555 585 2621 τοῖς
597 2551 753 2622 »παλαιοῖς
769 2568 806 2612 τε
822 2545 879 2612 καὶ
891 2547 993 2631 ίεροίς
1010 2545 1070 2613 λό-

68 2664 151 2726 γοις,
164 2643 201 2705 οἳ
209 2635 252 2724 δὴ
263 2637 453 2724 μηνύουσιν
463 2636 544 2726 ἡμίν
556 2637 729 2709 άθάνατον
746 2642 858 2728 ψυχὴν
876 2641 962 2710 εἶναι
974 2647 1072 2709 δικα-

70 2737 148 2818 στάς
158 2762 194 2804 τε
206 2745 313 2822 ίσχειν
323 2737 380 2807 καί
390 2742 496 2805 τίνειν
510 2738 569 2818 τάς
579 2745 733 2826 μεγίστας
745 2747 915 2828 τιμωρίας,
927 2738 1009 2807 όταν
1020 2766 1071 2820 τις

70 2832 270 2925 ἀπαλλαχθῇ
280 2840 343 2904 τού
354 2834 520 2923 στόματος·
532 2836 587 2906 διδ
598 2840 654 2906 καὶ
664 2838 704 2907 τά
716 2841 843 2926 μεγάλα
853 2835 1070 2926 ἁμαρτήματα

68 2938 125 3003 καὶ
134 2931 322 3022 άδιιιήματα
332 2935 556 3024 σμικρότερον
566 2934 721 3025 είυαιχρη
731 2943 878 3023 νομίζειν
888 2934 995 3006 κακόν
1005 2937 1071 3005 πά-

70 3052 162 3120 σχειν
178 3030 201 3121 ἢ
218 3039 356 3124 δράσαι,
380 3027 430 3104 οἷν
446 3033 465 3103 ὁ
481 3036 726 3125 φιλοχρήματος
742 3039 844 3123 πίνης
859 3063 895 3105 τε
907 3034 993 3124 άυηρ
1008 3035 1070 3123 τὴν

70 3129 183 3220 ψυχὴν
196 3131 276 3202 οὔτε
289 3132 418 3223 άιιούει,
429 3135 489 3209 ἐάν
501 3160 539 3203 τε
555 3133 694 3225 άιιούση,
711 3144 914 3222 καταγελῶν,
937 3133 983 3216 ὡς
1000 3145 1070 3205 οίε-
1087 3153 1106 3201 Β

68 3255 133 3318 ται,
141 3231 355 3318 πανταχόθεν
365 3230 511 3313 άναιδοδς
521 3230 659 3320 ἁρπάζει
669 3241 737 3303 πάν
748 3233 769 3304 ό
780 3242 814 3304 τί
822 3261 884 3323 περ
896 3231 940 3302 άν
951 3244 1069 3324 οίηται,

67 3331 223 3418 καθάπερ
242 3335 377 3419 θηρίον,
395 3345 517 3418 φαγιίν
533 3327 556 3416 ἢ
572 3344 661 3399 πιεῖν
682 3329 703 3419 ἢ
725 3335 802 3421 περὶ
818 3333 881 3420 τὴν
899 3331 1072 3421 ἀνδραπο-

68 3431 162 3516 δύδη
179 3431 236 3498 παὶ
249 3427 438 3524 άχάριστον,
451 3429 658 3526 ἀφροδίσιον
673 3436 864 3528 λεγομένην
881 3429 953 3502 ούν.
963 3430 1109 3520 ww
1121 3480 1136 3547 χ
