<?xml version="1.0" encoding="UTF-8"?>
<!DOCTYPE html PUBLIC "-//W3C//DTD XHTML 1.0 Transitional//EN"
    "http://www.w3.org/TR/xhtml1/DTD/xhtml1-transitional.dtd">
<html xmlns="http://www.w3.org/1999/xhtml" xml:lang="en" lang="en">
 <head>
  <title>
</title>
<meta http-equiv="Content-Type" content="text/html;charset=utf-8" />
  <meta name='ocr-system' content='tesseract 3.04.00' />
  <meta name='ocr-capabilities' content='ocr_page ocr_carea ocr_par ocr_line ocrx_word'/>
</head>
<body>
  <div class='ocr_page' id='page_1' title='image "./dialogisecundum04platgoog/dialogisecundum04platgoog_0145.png"; bbox 0 0 2408 3764; ppageno 0'>
   <div class='ocr_carea' id='block_1_1' title="bbox 133 169 901 269">
    <p class='ocr_par' dir='ltr' id='par_1_1' title="bbox 133 169 901 269">
     <span class='ocr_line' id='line_1_1' title="bbox 133 169 901 269; baseline -0.003 0"><span class='ocrx_word' id='word_1_1' title='bbox 133 205 196 269; x_wconf 84' lang='lat'><strong><em>1⁰0</em></strong></span> <span class='ocrx_word' id='word_1_2' title='bbox 461 188 795 269; x_wconf 72' lang='grc' dir='ltr'><strong><em>ΔΗΜοΔοιοε.</em></strong></span> <span class='ocrx_word' id='word_1_3' title='bbox 893 169 901 184; x_wconf 68' lang='grc'><em>’</em></span> 
     </span>
    </p>
   </div>
   <div class='ocr_carea' id='block_1_2' title="bbox 90 358 1139 2222">
    <p class='ocr_par' dir='ltr' id='par_1_2' title="bbox 95 358 1139 1140">
     <span class='ocr_line' id='line_1_2' title="bbox 95 358 1139 459; baseline 0.006 -24"><span class='ocrx_word' id='word_1_4' title='bbox 95 377 114 426; x_wconf 87' lang='grc' dir='ltr'>Β</span> <span class='ocrx_word' id='word_1_5' title='bbox 133 366 235 436; x_wconf 75' lang='grc' dir='ltr'><strong><em>εἶπεν.</em></strong></span> <span class='ocrx_word' id='word_1_6' title='bbox 260 372 302 434; x_wconf 93' lang='grc' dir='ltr'><strong><em>Τί</em></strong></span> <span class='ocrx_word' id='word_1_7' title='bbox 316 358 380 434; x_wconf 87' lang='grc' dir='ltr'><strong><em>ούν</em></strong></span> <span class='ocrx_word' id='word_1_8' title='bbox 391 373 528 453; x_wconf 79' lang='grc' dir='ltr'><strong><em>μᾶλλον,</em></strong></span> <span class='ocrx_word' id='word_1_9' title='bbox 549 373 624 453; x_wconf 78' lang='grc' dir='ltr'><strong><em>ἔφη,</em></strong></span> <span class='ocrx_word' id='word_1_10' title='bbox 640 382 708 446; x_wconf 84' lang='grc' dir='ltr'><strong><em>τοῖς</em></strong></span> <span class='ocrx_word' id='word_1_11' title='bbox 724 374 855 449; x_wconf 77' lang='grc' dir='ltr'><strong><em>οἰκείοις</em></strong></span> <span class='ocrx_word' id='word_1_12' title='bbox 876 374 932 439; x_wconf 82' lang='grc' dir='ltr'><strong><em>καί</em></strong></span> <span class='ocrx_word' id='word_1_13' title='bbox 954 372 1139 459; x_wconf 80' lang='grc' dir='ltr'><strong><em>συνήθεσιν</em></strong></span> 
     </span>
     <span class='ocr_line' id='line_1_3' title="bbox 132 461 1139 556; baseline 0.005 -22.086"><span class='ocrx_word' id='word_1_14' title='bbox 132 461 792 551; x_wconf 78' lang='grc' dir='ltr'><strong><em>εἰκὸςπιστεύεινἢτοῖςτυχούσινέσπίν;</em></strong></span> <span class='ocrx_word' id='word_1_15' title='bbox 811 465 884 535; x_wconf 89' lang='grc' dir='ltr'><strong><em>Ούκ</em></strong></span> <span class='ocrx_word' id='word_1_16' title='bbox 904 473 976 554; x_wconf 77' lang='grc' dir='ltr'><strong><em>ἔχει,</em></strong></span> <span class='ocrx_word' id='word_1_17' title='bbox 996 475 1072 556; x_wconf 77' lang='grc' dir='ltr'><strong><em>ἔφη,</em></strong></span> <span class='ocrx_word' id='word_1_18' title='bbox 1092 477 1139 539; x_wconf 91' lang='grc' dir='ltr'><strong><em>εἰ-</em></strong></span> 
     </span>
     <span class='ocr_line' id='line_1_4' title="bbox 131 557 1139 653; baseline 0.007 -25"><span class='ocrx_word' id='word_1_19' title='bbox 131 576 214 629; x_wconf 85' lang='grc' dir='ltr'><strong><em>πεῖν.</em></strong></span> <span class='ocrx_word' id='word_1_20' title='bbox 240 568 282 628; x_wconf 92' lang='grc' dir='ltr'><strong><em>Τί</em></strong></span> <span class='ocrx_word' id='word_1_21' title='bbox 296 557 383 643; x_wconf 68' lang='grc' dir='ltr'><strong><em>δ’ςε</em></strong></span> <span class='ocrx_word' id='word_1_22' title='bbox 369 567 540 648; x_wconf 79' lang='grc' dir='ltr'><strong><em>εἰμᾶλλον</em></strong></span> <span class='ocrx_word' id='word_1_23' title='bbox 554 577 622 641; x_wconf 89' lang='grc' dir='ltr'><strong><em>τοῖς</em></strong></span> <span class='ocrx_word' id='word_1_24' title='bbox 637 568 769 642; x_wconf 73' lang='grc' dir='ltr'><strong><em>οἰκείοις</em></strong></span> <span class='ocrx_word' id='word_1_25' title='bbox 784 564 951 632; x_wconf 78' lang='grc' dir='ltr'><strong><em>πιστεύειν</em></strong></span> <span class='ocrx_word' id='word_1_26' title='bbox 967 562 1056 633; x_wconf 90' lang='grc' dir='ltr'><strong><em>δεῖ</em></strong></span> <span class='ocrx_word' id='word_1_27' title='bbox 1033 595 1054 653; x_wconf 82' lang='grc' dir='ltr'><em>η</em></span> <span class='ocrx_word' id='word_1_28' title='bbox 1073 583 1139 648; x_wconf 83' lang='grc' dir='ltr'><strong><em>τοῖς</em></strong></span> 
     </span>
     <span class='ocr_line' id='line_1_5' title="bbox 130 656 1138 751; baseline 0.007 -25"><span class='ocrx_word' id='word_1_29' title='bbox 130 666 298 746; x_wconf 79' lang='grc' dir='ltr'><strong><em>τυχοῦσιν,</em></strong></span> <span class='ocrx_word' id='word_1_30' title='bbox 312 684 354 725; x_wconf 94' lang='grc' dir='ltr'><strong><em>ου</em></strong></span> <span class='ocrx_word' id='word_1_31' title='bbox 344 656 424 726; x_wconf 81' lang='grc' dir='ltr'><strong><em>’καὶ</em></strong></span> <span class='ocrx_word' id='word_1_32' title='bbox 442 657 580 739; x_wconf 81' lang='grc' dir='ltr'><strong><em>πιστούς</em></strong></span> <span class='ocrx_word' id='word_1_33' title='bbox 595 657 718 739; x_wconf 81' lang='grc' dir='ltr'><strong><em>αύτούς</em></strong></span> <span class='ocrx_word' id='word_1_34' title='bbox 740 666 791 729; x_wconf 88' lang='grc' dir='ltr'><strong><em>δεῖ</em></strong></span> <span class='ocrx_word' id='word_1_35' title='bbox 809 666 955 747; x_wconf 80' lang='grc' dir='ltr'><strong><em>νομίζειν</em></strong></span> <span class='ocrx_word' id='word_1_36' title='bbox 972 661 1138 748; x_wconf 72' lang='grc' dir='ltr'><strong><em>μαλλον</em></strong></span> <span class='ocrx_word' id='word_1_37' title='bbox 1116 692 1137 751; x_wconf 82' lang='grc' dir='ltr'><em>η</em></span> 
     </span>
     <span class='ocr_line' id='line_1_6' title="bbox 130 751 1138 846; baseline 0.008 -23"><span class='ocrx_word' id='word_1_38' title='bbox 130 756 531 843; x_wconf 71' lang='grc' dir='ltr'><strong><em>τούςτυχόντιιςςΠύς</em></strong></span> <span class='ocrx_word' id='word_1_39' title='bbox 493 784 557 843; x_wconf 78' lang='grc' dir='ltr'><strong><em>γαρ</em></strong></span> <span class='ocrx_word' id='word_1_40' title='bbox 570 758 649 841; x_wconf 81' lang='grc' dir='ltr'><strong><em>ούκ;</em></strong></span> <span class='ocrx_word' id='word_1_41' title='bbox 666 765 739 846; x_wconf 82' lang='grc' dir='ltr'><strong><em>ἔφη.</em></strong></span> <span class='ocrx_word' id='word_1_42' title='bbox 757 757 833 826; x_wconf 85' lang='grc' dir='ltr'><strong><em>Ἐδιν</em></strong></span> <span class='ocrx_word' id='word_1_43' title='bbox 845 751 908 827; x_wconf 87' lang='grc' dir='ltr'><strong><em>ούν</em></strong></span> <span class='ocrx_word' id='word_1_44' title='bbox 924 774 993 840; x_wconf 86' lang='grc' dir='ltr'><strong><em>τοῖς</em></strong></span> <span class='ocrx_word' id='word_1_45' title='bbox 1008 760 1071 846; x_wconf 70' lang='grc' dir='ltr'><strong><em>μὲν</em></strong></span> <span class='ocrx_word' id='word_1_46' title='bbox 1088 768 1138 831; x_wconf 91' lang='grc' dir='ltr'><strong><em>οἰ-</em></strong></span> 
     </span>
     <span class='ocr_line' id='line_1_7' title="bbox 130 849 1139 977; baseline 0.003 -54"><span class='ocrx_word' id='word_1_47' title='bbox 130 869 213 925; x_wconf 87' lang='grc' dir='ltr'><strong><em>κείοι</em></strong></span> <span class='ocrx_word' id='word_1_48' title='bbox 234 849 308 977; x_wconf 75' lang='grc' dir='ltr'><strong><em>εἰσι,</em></strong></span> <span class='ocrx_word' id='word_1_49' title='bbox 324 872 391 936; x_wconf 86' lang='grc' dir='ltr'><strong><em>τοῖς</em></strong></span> <span class='ocrx_word' id='word_1_50' title='bbox 411 854 445 924; x_wconf 88' lang='grc' dir='ltr'><strong><em>δ’</em></strong></span> <span class='ocrx_word' id='word_1_51' title='bbox 468 854 622 942; x_wconf 76' lang='grc' dir='ltr'><strong><em>ἀγνῶτες,</em></strong></span> <span class='ocrx_word' id='word_1_52' title='bbox 648 866 717 936; x_wconf 77' lang='grc' dir='ltr'><strong><em>πῶς</em></strong></span> <span class='ocrx_word' id='word_1_53' title='bbox 731 855 773 923; x_wconf 86' lang='grc' dir='ltr'><strong><em>ού</em></strong></span> <span class='ocrx_word' id='word_1_54' title='bbox 792 858 901 945; x_wconf 78' lang='grc' dir='ltr'><strong><em>δεήσει</em></strong></span> <span class='ocrx_word' id='word_1_55' title='bbox 922 857 1000 936; x_wconf 82' lang='grc' dir='ltr'><strong><em>τούς</em></strong></span> <span class='ocrx_word' id='word_1_56' title='bbox 1015 858 1139 938; x_wconf 83' lang='grc' dir='ltr'><strong><em>αύτούς</em></strong></span> 
     </span>
     <span class='ocr_line' id='line_1_8' title="bbox 129 952 1138 1042; baseline 0.002 -19"><span class='ocrx_word' id='word_1_57' title='bbox 129 961 255 1039; x_wconf 81' lang='grc' dir='ltr'><strong><em>μᾶλλον</em></strong></span> <span class='ocrx_word' id='word_1_58' title='bbox 266 953 378 1023; x_wconf 79' lang='grc' dir='ltr'><strong><em>αύτιόν</em></strong></span> <span class='ocrx_word' id='word_1_59' title='bbox 389 952 526 1031; x_wconf 82' lang='grc' dir='ltr'><strong><em>πιστούς</em></strong></span> <span class='ocrx_word' id='word_1_60' title='bbox 545 960 704 1041; x_wconf 71' lang='grc' dir='ltr'><strong><em>νομίζεινς</em></strong></span> <span class='ocrx_word' id='word_1_61' title='bbox 729 953 770 1022; x_wconf 89' lang='grc' dir='ltr'><strong><em>ού</em></strong></span> <span class='ocrx_word' id='word_1_62' title='bbox 784 955 848 1042; x_wconf 80' lang='grc' dir='ltr'><strong><em>γὰρ</em></strong></span> <span class='ocrx_word' id='word_1_63' title='bbox 866 953 986 1041; x_wconf 84' lang='grc' dir='ltr'><strong><em>ὁμοίοις</em></strong></span> <span class='ocrx_word' id='word_1_64' title='bbox 1001 957 1138 1037; x_wconf 82' lang='grc' dir='ltr'><strong><em>πιστούς</em></strong></span> 
     </span>
     <span class='ocr_line' id='line_1_9' title="bbox 90 1048 1138 1140; baseline 0.007 -24.278"><span class='ocrx_word' id='word_1_65' title='bbox 90 1048 253 1131; x_wconf 78' lang='grc' dir='ltr'><strong><em>αύτούς</em></strong></span> <span class='ocrx_word' id='word_1_66' title='bbox 265 1056 317 1120; x_wconf 89' lang='grc' dir='ltr'><strong><em>δεῖ</em></strong></span> <span class='ocrx_word' id='word_1_67' title='bbox 331 1057 478 1138; x_wconf 81' lang='grc' dir='ltr'><strong><em>νομίζειν</em></strong></span> <span class='ocrx_word' id='word_1_68' title='bbox 494 1051 572 1129; x_wconf 85' lang='grc' dir='ltr'><strong><em>τούς</em></strong></span> <span class='ocrx_word' id='word_1_69' title='bbox 589 1057 731 1131; x_wconf 74' lang='grc' dir='ltr'><strong><em>οἰκείους</em></strong></span> <span class='ocrx_word' id='word_1_70' title='bbox 748 1057 803 1120; x_wconf 82' lang='grc' dir='ltr'><strong><em>καὶ</em></strong></span> <span class='ocrx_word' id='word_1_71' title='bbox 824 1051 903 1132; x_wconf 81' lang='grc' dir='ltr'><strong><em>τούς</em></strong></span> <span class='ocrx_word' id='word_1_72' title='bbox 919 1050 1079 1140; x_wconf 80' lang='grc' dir='ltr'><strong><em>ιιγνῶτοις,</em></strong></span> <span class='ocrx_word' id='word_1_73' title='bbox 1094 1051 1138 1134; x_wconf 76' lang='grc' dir='ltr'><strong><em>ὡς</em></strong></span> 
     </span>
    </p>

    <p class='ocr_par' dir='ltr' id='par_1_3' title="bbox 96 1146 1138 1826">
     <span class='ocr_line' id='line_1_10' title="bbox 96 1146 1138 1236; baseline 0.009 -25"><span class='ocrx_word' id='word_1_74' title='bbox 96 1149 205 1236; x_wconf 77' lang='grc' dir='ltr'><strong><em>οφῄς.</em></strong></span> <span class='ocrx_word' id='word_1_75' title='bbox 229 1149 333 1218; x_wconf 90' lang='grc' dir='ltr'><strong><em>Ουκ</em></strong></span> <span class='ocrx_word' id='word_1_76' title='bbox 314 1153 446 1233; x_wconf 81' lang='grc' dir='ltr'><strong><em>αρεσκει</em></strong></span> <span class='ocrx_word' id='word_1_77' title='bbox 455 1174 522 1235; x_wconf 84' lang='grc' dir='ltr'><strong><em>μοι,</em></strong></span> <span class='ocrx_word' id='word_1_78' title='bbox 537 1147 635 1216; x_wconf 81' lang='grc' dir='ltr'><strong><em>εἶπεν.</em></strong></span> <span class='ocrx_word' id='word_1_79' title='bbox 653 1146 849 1235; x_wconf 79' lang='grc' dir='ltr'><strong><em>Ὁμοίοιςδ,</em></strong></span> <span class='ocrx_word' id='word_1_80' title='bbox 867 1155 942 1236; x_wconf 80' lang='grc' dir='ltr'><strong><em>ἔφη,</em></strong></span> <span class='ocrx_word' id='word_1_81' title='bbox 954 1149 1065 1219; x_wconf 79' lang='grc' dir='ltr'><strong><em>καίτοι</em></strong></span> <span class='ocrx_word' id='word_1_82' title='bbox 1082 1160 1138 1220; x_wconf 79' lang='grc' dir='ltr'><strong><em>ίε-</em></strong></span> 
     </span>
     <span class='ocr_line' id='line_1_11' title="bbox 129 1244 1136 1336; baseline 0.002 -22"><span class='ocrx_word' id='word_1_83' title='bbox 129 1249 255 1332; x_wconf 75' lang='grc' dir='ltr'><strong><em>νόμενιι</em></strong></span> <span class='ocrx_word' id='word_1_84' title='bbox 265 1244 318 1314; x_wconf 79' lang='grc' dir='ltr'><strong><em>ὑπ’</em></strong></span> <span class='ocrx_word' id='word_1_85' title='bbox 331 1247 444 1315; x_wconf 73' lang='grc' dir='ltr'><strong><em>αὐτῶν</em></strong></span> <span class='ocrx_word' id='word_1_86' title='bbox 453 1272 484 1314; x_wconf 94' lang='grc' dir='ltr'><strong><em>οι</em></strong></span> <span class='ocrx_word' id='word_1_87' title='bbox 477 1249 556 1334; x_wconf 70' lang='grc' dir='ltr'><strong><em>’μὲν</em></strong></span> <span class='ocrx_word' id='word_1_88' title='bbox 567 1247 792 1330; x_wconf 84' lang='grc' dir='ltr'><strong><em>πιστεύουσιν,</em></strong></span> <span class='ocrx_word' id='word_1_89' title='bbox 806 1245 927 1314; x_wconf 84' lang='grc' dir='ltr'><strong><em>οίδ’</em></strong></span> <span class='ocrx_word' id='word_1_90' title='bbox 888 1274 930 1314; x_wconf 93' lang='grc' dir='ltr'><strong><em>ου</em></strong></span> <span class='ocrx_word' id='word_1_91' title='bbox 942 1247 1041 1316; x_wconf 80' lang='grc' dir='ltr'><strong><em>πιστὰ</em></strong></span> <span class='ocrx_word' id='word_1_92' title='bbox 1051 1247 1136 1336; x_wconf 78' lang='grc' dir='ltr'><strong><em>ἡγή-</em></strong></span> 
     </span>
     <span class='ocr_line' id='line_1_12' title="bbox 129 1342 1137 1431; baseline 0.004 -18"><span class='ocrx_word' id='word_1_93' title='bbox 129 1367 254 1429; x_wconf 80' lang='grc' dir='ltr'><strong><em>σονται,</em></strong></span> <span class='ocrx_word' id='word_1_94' title='bbox 266 1348 321 1412; x_wconf 83' lang='grc' dir='ltr'><strong><em>καὶ</em></strong></span> <span class='ocrx_word' id='word_1_95' title='bbox 338 1343 540 1426; x_wconf 65' lang='grc' dir='ltr'><strong><em>ούδέιεοοι“</em></strong></span> <span class='ocrx_word' id='word_1_96' title='bbox 522 1345 767 1431; x_wconf 85' lang='grc' dir='ltr'><strong><em>αμαρτήσοντυι</em></strong></span> <span class='ocrx_word' id='word_1_97' title='bbox 783 1342 904 1413; x_wconf 74' lang='grc' dir='ltr'><strong><em>αὐτοῖν.</em></strong></span> <span class='ocrx_word' id='word_1_98' title='bbox 922 1345 1065 1415; x_wconf 75' lang='grc' dir='ltr'><strong><em>’Ἄτοπον</em></strong></span> <span class='ocrx_word' id='word_1_99' title='bbox 1081 1351 1137 1417; x_wconf 65' lang='lat' dir='ltr'><strong><em>aaz</em></strong></span> 
     </span>
     <span class='ocr_line' id='line_1_13' title="bbox 129 1440 1136 1528; baseline 0.002 -18"><span class='ocrx_word' id='word_1_100' title='bbox 129 1443 234 1526; x_wconf 82' lang='grc' dir='ltr'><strong><em>τοῦτ’,</em></strong></span> <span class='ocrx_word' id='word_1_101' title='bbox 253 1440 353 1512; x_wconf 81' lang='grc' dir='ltr'><strong><em>εἶπεν.</em></strong></span> <span class='ocrx_word' id='word_1_102' title='bbox 375 1440 520 1526; x_wconf 80' lang='grc' dir='ltr'><strong><em>Ἔπειτα,</em></strong></span> <span class='ocrx_word' id='word_1_103' title='bbox 538 1448 613 1528; x_wconf 83' lang='grc' dir='ltr'><strong><em>ἔφη,</em></strong></span> <span class='ocrx_word' id='word_1_104' title='bbox 631 1449 661 1510; x_wconf 87' lang='grc' dir='ltr'><strong><em>εἰ</em></strong></span> <span class='ocrx_word' id='word_1_105' title='bbox 679 1440 783 1510; x_wconf 80' lang='grc' dir='ltr'><strong><em>ταύτὰ</em></strong></span> <span class='ocrx_word' id='word_1_106' title='bbox 799 1447 954 1528; x_wconf 73' lang='grc' dir='ltr'><strong><em>λέγουσιν</em></strong></span> <span class='ocrx_word' id='word_1_107' title='bbox 974 1448 1009 1511; x_wconf 85' lang='grc' dir='ltr'><strong><em>οἰ</em></strong></span> <span class='ocrx_word' id='word_1_108' title='bbox 1020 1451 1136 1512; x_wconf 86' lang='grc' dir='ltr'><strong><em>οἰκεῖοι</em></strong></span> 
     </span>
     <span class='ocr_line' id='line_1_14' title="bbox 128 1538 1136 1628; baseline 0.003 -21"><span class='ocrx_word' id='word_1_109' title='bbox 128 1544 184 1607; x_wconf 80' lang='grc' dir='ltr'><strong><em>καὶ</em></strong></span> <span class='ocrx_word' id='word_1_110' title='bbox 195 1543 230 1607; x_wconf 81' lang='grc' dir='ltr'><strong><em>οἰ</em></strong></span> <span class='ocrx_word' id='word_1_111' title='bbox 238 1540 400 1626; x_wconf 82' lang='grc' dir='ltr'><strong><em>τυχόντες,</em></strong></span> <span class='ocrx_word' id='word_1_112' title='bbox 412 1548 482 1620; x_wconf 79' lang='grc' dir='ltr'><strong><em>πῶς</em></strong></span> <span class='ocrx_word' id='word_1_113' title='bbox 492 1539 553 1628; x_wconf 81' lang='grc' dir='ltr'><strong><em>οὐχ</em></strong></span> <span class='ocrx_word' id='word_1_114' title='bbox 563 1538 684 1627; x_wconf 84' lang='grc' dir='ltr'><strong><em>ὁμοίως</em></strong></span> <span class='ocrx_word' id='word_1_115' title='bbox 693 1541 733 1608; x_wconf 82' lang='grc' dir='ltr'><strong><em>τὰ</em></strong></span> <span class='ocrx_word' id='word_1_116' title='bbox 745 1542 907 1627; x_wconf 82' lang='grc' dir='ltr'><strong><em>λεγόμενοι</em></strong></span> <span class='ocrx_word' id='word_1_117' title='bbox 919 1541 1018 1609; x_wconf 78' lang='grc' dir='ltr'><strong><em>πιστοὶ</em></strong></span> <span class='ocrx_word' id='word_1_118' title='bbox 1030 1552 1079 1628; x_wconf 86' lang='grc' dir='ltr'><strong><em>εἰη</em></strong></span> <span class='ocrx_word' id='word_1_119' title='bbox 1093 1541 1136 1610; x_wconf 79' lang='grc' dir='ltr'><strong><em>ύυ</em></strong></span> 
     </span>
     <span class='ocr_line' id='line_1_15' title="bbox 127 1635 1135 1727; baseline 0.004 -21"><span class='ocrx_word' id='word_1_120' title='bbox 127 1635 149 1723; x_wconf 73' lang='grc' dir='ltr'><strong><em>ἦ</em></strong></span> <span class='ocrx_word' id='word_1_121' title='bbox 162 1637 298 1719; x_wconf 62' lang='lat' dir='ltr'><em>&amp;imvm</em></span> <span class='ocrx_word' id='word_1_122' title='bbox 315 1637 466 1727; x_wconf 76' lang='grc' dir='ltr'><strong><em>Ἀνάγκη,</em></strong></span> <span class='ocrx_word' id='word_1_123' title='bbox 478 1639 577 1708; x_wconf 86' lang='grc' dir='ltr'><strong><em>εἰπεν.</em></strong></span> <span class='ocrx_word' id='word_1_124' title='bbox 592 1638 731 1709; x_wconf 85' lang='grc' dir='ltr'><strong><em>Ούκούν</em></strong></span> <span class='ocrx_word' id='word_1_125' title='bbox 741 1643 796 1709; x_wconf 83' lang='grc' dir='ltr'><strong><em>καί</em></strong></span> <span class='ocrx_word' id='word_1_126' title='bbox 807 1653 874 1718; x_wconf 87' lang='grc' dir='ltr'><strong><em>τοῖς</em></strong></span> <span class='ocrx_word' id='word_1_127' title='bbox 886 1644 1041 1724; x_wconf 78' lang='grc' dir='ltr'><strong><em>λέγουσιν</em></strong></span> <span class='ocrx_word' id='word_1_128' title='bbox 1051 1639 1135 1710; x_wconf 81' lang='grc' dir='ltr'><strong><em>αύτά</em></strong></span> 
     </span>
     <span class='ocr_line' id='line_1_16' title="bbox 129 1736 1128 1826; baseline 0 -19"><span class='ocrx_word' id='word_1_129' title='bbox 129 1736 250 1823; x_wconf 83' lang='grc' dir='ltr'><strong><em>ὁμοίως</em></strong></span> <span class='ocrx_word' id='word_1_130' title='bbox 261 1741 453 1807; x_wconf 79' lang='grc' dir='ltr'><strong><em>πιστευτέον</em></strong></span> <span class='ocrx_word' id='word_1_131' title='bbox 464 1743 619 1826; x_wconf 78' lang='grc' dir='ltr'><strong><em>λέγουσιν</em></strong></span> <span class='ocrx_word' id='word_1_132' title='bbox 632 1739 733 1820; x_wconf 85' lang='grc' dir='ltr'><strong><em>υύτύ;</em></strong></span> <span class='ocrx_word' id='word_1_133' title='bbox 746 1736 912 1823; x_wconf 77' lang='grc' dir='ltr'><strong><em>Πιδυυόυ,</em></strong></span> <span class='ocrx_word' id='word_1_134' title='bbox 925 1736 1024 1806; x_wconf 83' lang='grc' dir='ltr'><strong><em>εἶπεν.</em></strong></span> <span class='ocrx_word' id='word_1_135' title='bbox 1044 1748 1128 1807; x_wconf 80' lang='grc' dir='ltr'><strong><em>ταῦτ</em></strong></span> 
     </span>
    </p>

    <p class='ocr_par' dir='ltr' id='par_1_4' title="bbox 91 1830 1135 2222">
     <span class='ocr_line' id='line_1_17' title="bbox 91 1830 1135 1926; baseline 0 -22"><span class='ocrx_word' id='word_1_136' title='bbox 91 1844 113 1893; x_wconf 86' lang='grc' dir='ltr'><strong><em>Ι)</em></strong></span> <span class='ocrx_word' id='word_1_137' title='bbox 129 1830 193 1905; x_wconf 80' lang='grc' dir='ltr'><strong><em>οὖν</em></strong></span> <span class='ocrx_word' id='word_1_138' title='bbox 202 1837 369 1921; x_wconf 81' lang='grc' dir='ltr'><strong><em>λεγόντων</em></strong></span> <span class='ocrx_word' id='word_1_139' title='bbox 380 1834 492 1906; x_wconf 79' lang='grc' dir='ltr'><strong><em>αὐτῶν</em></strong></span> <span class='ocrx_word' id='word_1_140' title='bbox 502 1837 665 1926; x_wconf 75' lang='grc' dir='ltr'><strong><em>ἠπόρουν,</em></strong></span> <span class='ocrx_word' id='word_1_141' title='bbox 673 1846 738 1907; x_wconf 91' lang='grc' dir='ltr'><strong><em>τίσι</em></strong></span> <span class='ocrx_word' id='word_1_142' title='bbox 749 1835 828 1905; x_wconf 75' lang='grc' dir='ltr'><strong><em>ποτὲ</em></strong></span> <span class='ocrx_word' id='word_1_143' title='bbox 839 1840 892 1905; x_wconf 87' lang='grc' dir='ltr'><strong><em>δεῖ</em></strong></span> <span class='ocrx_word' id='word_1_144' title='bbox 902 1837 1068 1905; x_wconf 85' lang='grc' dir='ltr'><strong><em>πιστεύειν</em></strong></span> <span class='ocrx_word' id='word_1_145' title='bbox 1079 1843 1135 1909; x_wconf 78' lang='grc' dir='ltr'><strong><em>καὶ</em></strong></span> 
     </span>
     <span class='ocr_line' id='line_1_18' title="bbox 127 1926 1132 2032; baseline -0.002 -28"><span class='ocrx_word' id='word_1_146' title='bbox 127 1944 213 2004; x_wconf 88' lang='grc' dir='ltr'><strong><em>τίσιν</em></strong></span> <span class='ocrx_word' id='word_1_147' title='bbox 224 1935 276 2021; x_wconf 83' lang='grc' dir='ltr'><strong><em>ού,</em></strong></span> <span class='ocrx_word' id='word_1_148' title='bbox 288 1940 344 2005; x_wconf 85' lang='grc' dir='ltr'><strong><em>κυί</em></strong></span> <span class='ocrx_word' id='word_1_149' title='bbox 355 1936 498 2022; x_wconf 80' lang='grc' dir='ltr'><strong><em>πότερον</em></strong></span> <span class='ocrx_word' id='word_1_150' title='bbox 506 1953 575 2016; x_wconf 81' lang='grc' dir='ltr'><strong><em>τοῖς</em></strong></span> <span class='ocrx_word' id='word_1_151' title='bbox 590 1952 714 2015; x_wconf 89' lang='grc' dir='ltr'><strong><em>πιστοῖς</em></strong></span> <span class='ocrx_word' id='word_1_152' title='bbox 728 1938 861 2013; x_wconf 80' lang='grc' dir='ltr'><strong><em>καὶτοῖς</em></strong></span> <span class='ocrx_word' id='word_1_153' title='bbox 878 1933 982 2003; x_wconf 85' lang='grc' dir='ltr'><strong><em>εἰδόσι</em></strong></span> <span class='ocrx_word' id='word_1_154' title='bbox 999 1939 1073 2032; x_wconf 78' lang='grc' dir='ltr'><strong><em>περὶ</em></strong></span> <span class='ocrx_word' id='word_1_155' title='bbox 1086 1926 1132 2002; x_wconf 71' lang='grc' dir='ltr'><strong><em>οἷο</em></strong></span> 
     </span>
     <span class='ocr_line' id='line_1_19' title="bbox 127 2032 1128 2122; baseline -0.005 -18"><span class='ocrx_word' id='word_1_156' title='bbox 127 2042 282 2122; x_wconf 77' lang='grc' dir='ltr'><strong><em>λέγουσιν</em></strong></span> <span class='ocrx_word' id='word_1_157' title='bbox 297 2033 398 2121; x_wconf 75' lang='grc' dir='ltr'><strong><em>ἦτοίς</em></strong></span> <span class='ocrx_word' id='word_1_158' title='bbox 409 2043 541 2116; x_wconf 86' lang='grc' dir='ltr'><strong><em>οἰκείοις</em></strong></span> <span class='ocrx_word' id='word_1_159' title='bbox 551 2039 606 2105; x_wconf 83' lang='grc' dir='ltr'><strong><em>καὶ</em></strong></span> <span class='ocrx_word' id='word_1_160' title='bbox 623 2050 691 2115; x_wconf 86' lang='grc' dir='ltr'><strong><em>τοῖς</em></strong></span> <span class='ocrx_word' id='word_1_161' title='bbox 705 2038 890 2120; x_wconf 75' lang='grc' dir='ltr'><strong><em>γνωρίμοις.</em></strong></span> <span class='ocrx_word' id='word_1_162' title='bbox 914 2035 988 2119; x_wconf 74' lang='grc' dir='ltr'><strong><em>περὶ</em></strong></span> <span class='ocrx_word' id='word_1_163' title='bbox 1004 2032 1128 2100; x_wconf 86' lang='grc' dir='ltr'><strong><em>τούτοιι</em></strong></span> 
     </span>
     <span class='ocr_line' id='line_1_20' title="bbox 127 2128 492 2222; baseline 0 -20"><span class='ocrx_word' id='word_1_164' title='bbox 127 2128 191 2203; x_wconf 85' lang='grc' dir='ltr'><strong><em>ούν</em></strong></span> <span class='ocrx_word' id='word_1_165' title='bbox 201 2133 325 2214; x_wconf 75' lang='grc' dir='ltr'><strong><em>πύςσύ</em></strong></span> <span class='ocrx_word' id='word_1_166' title='bbox 336 2141 492 2222; x_wconf 68' lang='grc' dir='ltr'><strong><em>νομίζειςς</em></strong></span> 
     </span>
    </p>
   </div>
   <div class='ocr_carea' id='block_1_3' title="bbox 0 0 1208 3764">
    <p class='ocr_par' dir='ltr' id='par_1_5' title="bbox 0 0 1208 3764">
     <span class='ocr_line' id='line_1_21' title="bbox 0 0 1208 3764; baseline 0 3"><span class='ocrx_word' id='word_1_167' title='bbox 0 0 1208 3764; x_wconf 95' lang='lat' dir='ltr'><strong><em> </em></strong></span> 
     </span>
    </p>
   </div>
  </div>
 </body>
</html>
