2408 3764
138 222 200 289 136
505 217 739 285 ΑΞιοΧοΣ.
840 185 842 188 ’

136 391 184 474 τῷ
199 381 382 451 ὑπεναντία
397 384 453 450 καὶ
471 394 573 461 ποιεῖς
589 385 644 449 καί
657 385 770 466 λέγεις,
789 378 851 448 οὐκ
864 381 1139 467 ἐπιλογιζόμενος,

136 482 187 551 ὅτι
202 479 270 566 ἅμα
287 480 348 565 μὲν
364 478 478 565 ὀδύρει
493 478 555 565 την
571 477 806 566 ἀναισθησίαν,
824 478 893 567 ἅμα
912 481 948 550 δὲ
962 478 1071 565 ἀλγεῖς
1087 482 1140 548 ἐπὶ

137 581 257 666 σηύεσι
279 581 334 646 καί
355 579 504 663 στερήσει
521 586 590 646 τῶν
610 573 730 664 ἡδέων,
749 575 861 664 ὥσπερ
880 583 926 656 είς
947 579 1061 661 ἕτερον
1081 582 1140 664 ζῇν

135 677 423 762 ἀποθανούμενος,
440 673 515 745 ἀλλ’
533 673 596 744 ούκ
612 682 657 755 είς
672 681 816 761 παντελῆ
833 681 1028 762 μεταβαλεῖν
1044 673 1141 742 ἀναι-

104 820 107 826 ,
135 781 283 863 σθησίαν
294 771 420 861 κεδνὴν
428 771 588 863 αύτηντῇ
604 771 669 859 πρὸ
684 781 742 862 τῆς
755 779 923 860 γενέσεως
946 771 989 852 ὡς
1006 764 1071 840 ούν
1089 773 1140 840 ἐπὶ

134 880 192 960 τῆς
204 873 411 993 Δρακοντος
427 898 447 958 η
433 866 696 950 Κλεισθένους
712 879 876 950 πολιτείας
890 867 990 939 οὐδὲν
1009 871 1086 952 περί
1104 873 1140 937 σὲ

133 967 239 1039 κακὸν
250 995 310 1087 ην·
333 966 437 1054 ἀρχὴν
447 968 512 1053 γὰρ
524 965 587 1036 ούκ
599 995 649 1055 ης,
660 966 766 1054 περὶ“
746 995 787 1038 ον
802 965 847 1037 ἀν
861 960 921 1056 ἦν
943 966 1050 1046 οὕτως
1061 964 1140 1034 οὐδὲ

95 1088 115 1138 Ε
132 1066 213 1155 μετὰ
232 1093 295 1152 την
314 1061 470 1150 νελεντην
486 1065 673 1151 γενήσεται·
703 1064 746 1132 σύ
761 1063 826 1151 γάρ
844 1064 907 1133 ούκ
923 1069 990 1132 ἔσει
1007 1063 1119 1149 περὶ“
1099 1089 1139 1131 ον

134 1169 233 1233 ἔσται.
256 1164 365 1230 πάντα
380 1168 561 1249 τοιγαροῦν
572 1158 633 1230 τδν
642 1162 772 1231 τοιόνδε
785 1165 939 1247 φλύαρον
953 1160 1139 1229 ἀποσκὲδα·

134 1282 200 1346 σαι,
211 1268 311 1329 τοῦτο
322 1262 493 1347 ἐννοήσας,
506 1259 557 1328 ὅτι
573 1268 632 1347 τῆς
642 1266 845 1348 συγκρίσεως
862 1259 948 1339 ἅπαξ
966 1265 1138 1329 διαλυθεί-

132 1377 193 1445 σης
203 1360 323 1442 καὶτῆς
332 1364 439 1442 ψυχῆς
448 1361 481 1435 ἐς
490 1356 549 1424 τὸν
561 1363 684 1426 οἰκείου
694 1356 996 1443 ίδρυθείσηςτόπον
1004 1354 1041 1424 τδ
1053 1355 1139 1425 ὐπο-

35 1492 38 1498 ’
133 1456 274 1540 λειφθὲν
284 1461 389 1541 σῶμα,
400 1460 523 1540 γεῶδες
533 1451 574 1522 δν
585 1458 641 1523 καί
651 1456 785 1542 ἀλογον,
795 1454 857 1524 ούκ
871 1453 987 1524 ἕστινὸ
1001 1455 1137 1541 ἀνθρω-

132 1577 203 1632 πος.
219 1550 310 1638 ἡμεῖς
324 1555 384 1640 μὲν
398 1553 462 1639 γάρ
473 1557 574 1640 ε’σμεν
584 1555 683 1640 ψυχή,
695 1560 779 1635 ζῶον
789 1553 965 1643 ἀθάνατον
975 1557 1012 1620 ἐν
1022 1558 1136 1642 θνητῷ

63 1678 116 1736 ςςς
134 1654 377 1736 καθειργμένον
388 1659 556 1740 φρουρίῳ·
576 1649 613 1719 τὸ
631 1655 667 1718 δὲ
685 1660 805 1738 σκῆνος
824 1654 916 1720 τουτί
932 1648 1016 1734 πρὸς
1032 1659 1139 1720 κακοῦ

133 1747 355 1835 περιηρμοσευ
382 1746 404 1835 η
430 1749 541 1834 φύσις,
565 1740 593 1840 ᾧ
613 1751 654 1817 τά
675 1750 737 1836 μὲν
757 1748 883 1836 ἥδοντα
904 1748 1061 1835 ἀμυγιαία
1082 1752 1139 1818 καὶ

131 1843 240 1932 πτηνά
252 1848 307 1913 καὶ
318 1851 467 1913 πλείοσιν
482 1844 617 1926 ὀδύναις
629 1844 892 1933 ἀνακεκραμένα,
903 1845 943 1914 τά
954 1848 991 1915 δὲ
1001 1847 1137 1933 ἀλγεινά

135 1940 303 2029 ἀκραιφνῆ
315 1943 370 2009 καὶ
382 1941 586 2029 πολυχρόνια
595 1947 651 2012 καί
665 1951 733 2012 τῶν
747 1941 900 2030 ἡδόυτων
911 1942 1049 2029 ἀμοιρα·
1069 1943 1140 2028 [νό·

134 2059 215 2119 σους
225 2039 262 2108 δὲ
272 2041 328 2108 καὶ
339 2040 530 2126 φλεγμονὰς
540 2050 608 2110 τῶν
618 2049 855 2130 αἰσθητηρίων,
867 2049 915 2111 ἔτι
925 2040 962 2109 δὲ
975 2038 1033 2120 πάς
1047 2038 1140 2120 ἐντὸς

132 2136 336 2224 κακότητας,]
352 2131 402 2217 οἷς
415 2136 640 2225 ἀναγκαστῶς,
652 2140 710 2209 ἀτε
726 2142 984 2226 παρεσπαρμένη
996 2152 1064 2216 τοίς
1074 2139 1138 2204 πό-

134 2260 213 2320 ροις,
226 2232 247 2321 ἡ
259 2233 347 2320 ψυχὴ
359 2244 573 2320 συναλγοῦσα
583 2237 644 2306 πόν
653 2238 815 2322 ούράνων
824 2246 928 2305 ποθεί
934 2237 988 2304 καὶ
1001 2233 1140 2320 σύμφυ-

132 2341 194 2398 λον
212 2336 343 2417 αἰθέρα,
361 2335 416 2399 καί
432 2339 514 2422 διψᾷ
529 2342 587 2420 τῆς
606 2336 710 2421 ἐκείσε
721 2339 844 2418 διαίτης
855 2337 910 2401 καὶ
926 2339 1055 2420 χορείας
1070 2331 1140 2416 ὀρι-

95 2459 113 2507 B
132 2431 302 2512 γοωμένη·
326 2425 409 2494 ὥστε
419 2424 512 2512 ητού
523 2435 582 2515 ζῇν
592 2428 765 2516 ἀπαλλαγὴ
776 2438 883 2499 κακοῦ
894 2433 984 2511 τινός
994 2435 1084 2500 ἐστιν
1095 2437 1141 2510 είς

42 2519 51 2535 “
134 2520 268 2607 ἀγαθὸυ
283 2523 458 2609 μεταβολή.

217 2624 268 2686 IV.
286 2623 355 2696 ΑΞ.
375 2617 492 2687 Κακόν
503 2612 577 2707 ούν,
591 2612 816 2711 ἀΣύκρατες,
832 2623 1019 2713 ἡγούμενος
1031 2623 1067 2692 τό
1081 2629 1141 2709 ζῇν

133 2721 203 2795 πῶς
215 2719 252 2784 ἐν
263 2715 354 2805 αύτῷ
370 2719 489 2805 μένεις,
507 2721 683 2788 καὶταῦτα
700 2723 899 2809 φροντιστὴς
917 2720 965 2789 ἀν
982 2722 1037 2786 καί
1055 2716 1139 2807 ὑπὲρ

132 2813 219 2901 ἡμᾶς
229 2813 308 2897 τούς
318 2817 464 2898 πολλούς
472 2824 519 2909 τῷ
530 2823 581 2909 νῷ
592 2821 775 2908 διαφέρων;

25 2913 27 2917 ’
218 2921 346 2983 ΣΩΑ
310 2912 319 2938 ’
314 2919 443 3002 Αξίοχε,
455 2918 499 2984 σύ
510 2919 546 2984 δὲ
557 2916 734 3006 ούκέτυμά
751 2944 807 3004 μοι
818 2927 1005 3002 μαρτυρεῖς,
1023 2923 1085 2983 οίει
1105 2915 1141 2984 δὲ

134 3011 289 3097 καθαπερ
295 3009 512 3100 Αθηναίωνη
524 3017 667 3102 πληθύς,
683 3012 794 3100 ἐπειδη
812 3013 979 3099 ζητητικός
997 3019 1075 3193 είμιί
1072 3021 1141 3081 τῶν

121 3109 349 3196 πραγμάτων,
370 3112 572 3198 ἐπιστήμονά
589 3140 650 3182 του
666 3140 681 3181 ε
683 3112 753 3180 ῖναί
770 3137 820 3196 με
846 3110 1038 3212 ἐγωδὲξ
982 3107 1060 3180 εύα
1060 3119 1140 3200 ίμην

118 3220 229 3277 ἀντα
243 3234 339 3278 κοινα
351 3217 454 3279 ταῦτα
465 3216 601 3280 εἰδέναι
625 3217 786 3279 τοσούτου
802 3208 934 3287 ἀποδέω
944 3219 1013 3279 τῶν
1026 3234 1140 3297 περιτ-

72 3186 335 3544 [καὶ
289 3314 391 3378 ταῦτα
403 3305 476 3396 δέ,
461 3337 482 3378 α
477 3307 707 3397 λέγω,Προδί
705 3336 769 3378 κου
780 3311 847 3379 ἐστὶ
858 3317 919 3377 τού
930 3316 1042 3401 σοφοῦ
1052 3306 1140 3409 ἀπη-
