<?xml version="1.0" encoding="UTF-8"?>
<!DOCTYPE html PUBLIC "-//W3C//DTD XHTML 1.0 Transitional//EN"
    "http://www.w3.org/TR/xhtml1/DTD/xhtml1-transitional.dtd">
<html xmlns="http://www.w3.org/1999/xhtml" xml:lang="en" lang="en">
 <head>
  <title>
</title>
<meta http-equiv="Content-Type" content="text/html;charset=utf-8" />
  <meta name='ocr-system' content='tesseract 3.04.00' />
  <meta name='ocr-capabilities' content='ocr_page ocr_carea ocr_par ocr_line ocrx_word'/>
</head>
<body>
  <div class='ocr_page' id='page_1' title='image "./dialogisecundum04platgoog_0201.png"; bbox 0 0 2422 3758; ppageno 0'>
   <div class='ocr_carea' id='block_1_1' title="bbox 136 181 839 291">
    <p class='ocr_par' dir='ltr' id='par_1_1' title="bbox 136 181 839 291">
     <span class='ocr_line' id='line_1_1' title="bbox 136 181 839 291; baseline -0.01 -10"><span class='ocrx_word' id='word_1_1' title='bbox 136 219 198 291; x_wconf 77' lang='grc' dir='ltr'><em>ιεο</em></span> <span class='ocrx_word' id='word_1_2' title='bbox 503 214 737 282; x_wconf 73' lang='grc' dir='ltr'><em>ΑΞιοαοΣ.</em></span> <span class='ocrx_word' id='word_1_3' title='bbox 837 181 839 186; x_wconf 67' lang='grc'>’</span> 
     </span>
    </p>
   </div>
   <div class='ocr_carea' id='block_1_2' title="bbox 25 374 1142 3391">
    <p class='ocr_par' dir='ltr' id='par_1_2' title="bbox 133 374 1141 759">
     <span class='ocr_line' id='line_1_2' title="bbox 133 374 1138 471; baseline -0.006 -21"><span class='ocrx_word' id='word_1_4' title='bbox 133 388 182 471; x_wconf 76' lang='grc' dir='ltr'><em>τῷ</em></span> <span class='ocrx_word' id='word_1_5' title='bbox 197 377 380 449; x_wconf 80' lang='grc' dir='ltr'><em>’ὑπεναντία</em></span> <span class='ocrx_word' id='word_1_6' title='bbox 395 381 451 446; x_wconf 81' lang='grc' dir='ltr'><em>καὶ</em></span> <span class='ocrx_word' id='word_1_7' title='bbox 468 391 572 458; x_wconf 76' lang='grc' dir='ltr'><em>ποιεῖς</em></span> <span class='ocrx_word' id='word_1_8' title='bbox 587 381 643 447; x_wconf 76' lang='grc' dir='ltr'><em>καὶ</em></span> <span class='ocrx_word' id='word_1_9' title='bbox 655 381 768 462; x_wconf 84' lang='grc' dir='ltr'><em>λέγεις,</em></span> <span class='ocrx_word' id='word_1_10' title='bbox 786 374 849 444; x_wconf 89' lang='grc' dir='ltr'><em>ούκ</em></span> <span class='ocrx_word' id='word_1_11' title='bbox 863 376 1138 462; x_wconf 74' lang='grc' dir='ltr'><strong><em>ἐπιλογιζόμενος,</em></strong></span> 
     </span>
     <span class='ocr_line' id='line_1_3' title="bbox 133 474 1139 564; baseline -0.002 -17"><span class='ocrx_word' id='word_1_12' title='bbox 133 479 185 548; x_wconf 80' lang='grc' dir='ltr'><em>ὅτι</em></span> <span class='ocrx_word' id='word_1_13' title='bbox 200 476 267 564; x_wconf 79' lang='grc' dir='ltr'><em>ἅμα</em></span> <span class='ocrx_word' id='word_1_14' title='bbox 285 477 345 562; x_wconf 78' lang='grc' dir='ltr'><em>μὲν</em></span> <span class='ocrx_word' id='word_1_15' title='bbox 362 475 476 564; x_wconf 84' lang='grc' dir='ltr'><em>ὀδύρει</em></span> <span class='ocrx_word' id='word_1_16' title='bbox 490 475 553 563; x_wconf 84' lang='grc' dir='ltr'><em>την</em></span> <span class='ocrx_word' id='word_1_17' title='bbox 570 474 804 562; x_wconf 89' lang='grc' dir='ltr'><em>ἀναισθησίαν,</em></span> <span class='ocrx_word' id='word_1_18' title='bbox 821 475 890 562; x_wconf 85' lang='grc' dir='ltr'><em>ἀμα</em></span> <span class='ocrx_word' id='word_1_19' title='bbox 909 477 945 546; x_wconf 77' lang='grc' dir='ltr'><em>δὲ</em></span> <span class='ocrx_word' id='word_1_20' title='bbox 959 474 1069 560; x_wconf 78' lang='grc' dir='ltr'><em>ἀλγεῖς</em></span> <span class='ocrx_word' id='word_1_21' title='bbox 1085 478 1139 545; x_wconf 81' lang='grc' dir='ltr'><em>ἐπὶ</em></span> 
     </span>
     <span class='ocr_line' id='line_1_4' title="bbox 135 571 1140 664; baseline -0.006 -18"><span class='ocrx_word' id='word_1_22' title='bbox 135 578 255 664; x_wconf 76' lang='grc' dir='ltr'><em>σηφεσι</em></span> <span class='ocrx_word' id='word_1_23' title='bbox 276 578 331 643; x_wconf 77' lang='grc' dir='ltr'><em>καὶ</em></span> <span class='ocrx_word' id='word_1_24' title='bbox 352 576 503 661; x_wconf 76' lang='grc' dir='ltr'><em>στερήσει</em></span> <span class='ocrx_word' id='word_1_25' title='bbox 520 583 588 643; x_wconf 79' lang='grc' dir='ltr'><em>τῶν</em></span> <span class='ocrx_word' id='word_1_26' title='bbox 608 571 728 661; x_wconf 79' lang='grc' dir='ltr'><em>ἡδέων,</em></span> <span class='ocrx_word' id='word_1_27' title='bbox 747 571 858 660; x_wconf 80' lang='grc' dir='ltr'><em>ὥσπερ</em></span> <span class='ocrx_word' id='word_1_28' title='bbox 877 578 923 653; x_wconf 86' lang='grc' dir='ltr'><em>είς</em></span> <span class='ocrx_word' id='word_1_29' title='bbox 944 574 1059 657; x_wconf 75' lang='grc' dir='ltr'><em>ἕτερον</em></span> <span class='ocrx_word' id='word_1_30' title='bbox 1079 577 1140 660; x_wconf 77' lang='grc' dir='ltr'><em>ζῇν</em></span> 
     </span>
     <span class='ocr_line' id='line_1_5' title="bbox 133 668 1141 759; baseline -0.005 -16"><span class='ocrx_word' id='word_1_31' title='bbox 133 674 420 759; x_wconf 87' lang='grc' dir='ltr'><em>ἀποθανούμενος,</em></span> <span class='ocrx_word' id='word_1_32' title='bbox 438 669 513 741; x_wconf 88' lang='grc' dir='ltr'><em>ἀλλ’</em></span> <span class='ocrx_word' id='word_1_33' title='bbox 532 670 594 741; x_wconf 80' lang='grc' dir='ltr'><em>οὐκ</em></span> <span class='ocrx_word' id='word_1_34' title='bbox 610 679 656 752; x_wconf 84' lang='grc' dir='ltr'><em>είς</em></span> <span class='ocrx_word' id='word_1_35' title='bbox 671 678 814 758; x_wconf 81' lang='grc' dir='ltr'><em>παντελῆ</em></span> <span class='ocrx_word' id='word_1_36' title='bbox 831 678 1025 758; x_wconf 75' lang='grc' dir='ltr'><em>μεταβαλεῖν</em></span> <span class='ocrx_word' id='word_1_37' title='bbox 1041 668 1141 738; x_wconf 92' lang='grc' dir='ltr'><em>ἀναι-</em></span> 
     </span>
    </p>

    <p class='ocr_par' dir='ltr' id='par_1_3' title="bbox 102 760 1141 1053">
     <span class='ocr_line' id='line_1_6' title="bbox 102 760 1140 861; baseline -0.004 -21"><span class='ocrx_word' id='word_1_38' title='bbox 102 818 104 824; x_wconf 32' lang='lat' dir='ltr'><em>r</em></span> <span class='ocrx_word' id='word_1_39' title='bbox 133 778 280 861; x_wconf 87' lang='grc' dir='ltr'><em>σθησίαν</em></span> <span class='ocrx_word' id='word_1_40' title='bbox 292 769 391 840; x_wconf 78' lang='grc' dir='ltr'><em>καὶ</em></span> <span class='ocrx_word' id='word_1_41' title='bbox 356 797 418 858; x_wconf 89' lang='grc' dir='ltr'><em>την</em></span> <span class='ocrx_word' id='word_1_42' title='bbox 426 797 534 856; x_wconf 92' lang='grc' dir='ltr'><em>αυτην</em></span> <span class='ocrx_word' id='word_1_43' title='bbox 544 797 585 859; x_wconf 89' lang='grc' dir='ltr'><em>τη</em></span> <span class='ocrx_word' id='word_1_44' title='bbox 602 768 667 858; x_wconf 84' lang='grc' dir='ltr'><em>πρὸ</em></span> <span class='ocrx_word' id='word_1_45' title='bbox 683 777 741 858; x_wconf 79' lang='grc' dir='ltr'><em>τῆς</em></span> <span class='ocrx_word' id='word_1_46' title='bbox 754 774 921 856; x_wconf 79' lang='grc' dir='ltr'><em>γενέσεως.</em></span> <span class='ocrx_word' id='word_1_47' title='bbox 944 766 987 848; x_wconf 75' lang='grc' dir='ltr'><em>ὡς</em></span> <span class='ocrx_word' id='word_1_48' title='bbox 1004 760 1069 836; x_wconf 79' lang='grc' dir='ltr'><em>οὖν</em></span> <span class='ocrx_word' id='word_1_49' title='bbox 1088 769 1140 836; x_wconf 79' lang='grc' dir='ltr'><em>ἐπὶ</em></span> 
     </span>
     <span class='ocr_line' id='line_1_7' title="bbox 132 863 1140 957; baseline -0.006 -19"><span class='ocrx_word' id='word_1_50' title='bbox 132 877 190 957; x_wconf 80' lang='grc' dir='ltr'><em>τῆς</em></span> <span class='ocrx_word' id='word_1_51' title='bbox 208 868 405 953; x_wconf 76' lang='grc' dir='ltr'><em>Δράκοντος</em></span> <span class='ocrx_word' id='word_1_52' title='bbox 424 895 446 954; x_wconf 92' lang='grc' dir='ltr'><em>η</em></span> <span class='ocrx_word' id='word_1_53' title='bbox 432 863 694 947; x_wconf 74' lang='grc' dir='ltr'><em>”Κλεισθένους</em></span> <span class='ocrx_word' id='word_1_54' title='bbox 710 875 874 946; x_wconf 77' lang='grc' dir='ltr'><em>πολιτείας</em></span> <span class='ocrx_word' id='word_1_55' title='bbox 888 863 988 934; x_wconf 67' lang='grc' dir='ltr'><em>οὐδέν</em></span> <span class='ocrx_word' id='word_1_56' title='bbox 1007 867 1123 950; x_wconf 82' lang='grc' dir='ltr'><em>περίσ</em></span> <span class='ocrx_word' id='word_1_57' title='bbox 1103 869 1140 933; x_wconf 77' lang='grc' dir='ltr'><em>σὲ</em></span> 
     </span>
     <span class='ocr_line' id='line_1_8' title="bbox 131 956 1141 1053; baseline -0.008 -17"><span class='ocrx_word' id='word_1_58' title='bbox 131 963 237 1036; x_wconf 82' lang='grc' dir='ltr'><em>κακὸν</em></span> <span class='ocrx_word' id='word_1_59' title='bbox 248 958 308 1053; x_wconf 78' lang='grc' dir='ltr'><em>ἀν</em></span> <span class='ocrx_word' id='word_1_60' title='bbox 331 962 435 1050; x_wconf 78' lang='grc' dir='ltr'><em>ἀρχὴν</em></span> <span class='ocrx_word' id='word_1_61' title='bbox 446 965 511 1050; x_wconf 84' lang='grc' dir='ltr'><em>γάρ</em></span> <span class='ocrx_word' id='word_1_62' title='bbox 522 963 585 1034; x_wconf 89' lang='grc' dir='ltr'><em>ούκ</em></span> <span class='ocrx_word' id='word_1_63' title='bbox 598 956 648 1052; x_wconf 78' lang='grc' dir='ltr'><em>ἧς,</em></span> <span class='ocrx_word' id='word_1_64' title='bbox 658 962 764 1051; x_wconf 77' lang='grc' dir='ltr'><em>περὶ</em></span> <span class='ocrx_word' id='word_1_65' title='bbox 745 991 786 1033; x_wconf 93' lang='grc' dir='ltr'><em>ου</em></span> <span class='ocrx_word' id='word_1_66' title='bbox 800 961 845 1033; x_wconf 89' lang='grc' dir='ltr'><em>ἀν</em></span> <span class='ocrx_word' id='word_1_67' title='bbox 859 957 918 1050; x_wconf 77' lang='grc' dir='ltr'><em>ἦν·</em></span> <span class='ocrx_word' id='word_1_68' title='bbox 941 961 1048 1042; x_wconf 80' lang='grc' dir='ltr'><em>οὕτως</em></span> <span class='ocrx_word' id='word_1_69' title='bbox 1059 961 1141 1029; x_wconf 68' lang='grc' dir='ltr'><em>οὐδὲ</em></span> 
     </span>
    </p>

    <p class='ocr_par' dir='ltr' id='par_1_4' title="bbox 93 1058 1140 1444">
     <span class='ocr_line' id='line_1_9' title="bbox 93 1058 1140 1180; baseline -0.01 -45"><span class='ocrx_word' id='word_1_70' title='bbox 93 1087 113 1136; x_wconf 80' lang='grc' dir='ltr'>Ε</span> <span class='ocrx_word' id='word_1_71' title='bbox 130 1063 211 1153; x_wconf 85' lang='grc' dir='ltr'><em>μετά</em></span> <span class='ocrx_word' id='word_1_72' title='bbox 230 1060 294 1150; x_wconf 76' lang='grc' dir='ltr'><em>τὴν</em></span> <span class='ocrx_word' id='word_1_73' title='bbox 312 1058 469 1148; x_wconf 77' lang='grc' dir='ltr'><em>τελευτὴν</em></span> <span class='ocrx_word' id='word_1_74' title='bbox 484 1062 672 1180; x_wconf 75' lang='grc' dir='ltr'><em>γενήσεται·</em></span> <span class='ocrx_word' id='word_1_75' title='bbox 701 1061 744 1130; x_wconf 85' lang='grc' dir='ltr'><em>σύ</em></span> <span class='ocrx_word' id='word_1_76' title='bbox 759 1059 824 1147; x_wconf 86' lang='grc' dir='ltr'><em>γάρ</em></span> <span class='ocrx_word' id='word_1_77' title='bbox 842 1059 905 1128; x_wconf 82' lang='grc' dir='ltr'><em>οὐκ</em></span> <span class='ocrx_word' id='word_1_78' title='bbox 921 1064 989 1127; x_wconf 73' lang='grc' dir='ltr'><em>ἔσει</em></span> <span class='ocrx_word' id='word_1_79' title='bbox 1005 1059 1118 1144; x_wconf 77' lang='grc' dir='ltr'><em>περὶ“</em></span> <span class='ocrx_word' id='word_1_80' title='bbox 1098 1085 1140 1125; x_wconf 93' lang='grc' dir='ltr'><em>ον</em></span> 
     </span>
     <span class='ocr_line' id='line_1_10' title="bbox 128 1155 1139 1247; baseline -0.009 -16"><span class='ocrx_word' id='word_1_81' title='bbox 128 1167 232 1231; x_wconf 68' lang='grc' dir='ltr'><em>ἔσται.</em></span> <span class='ocrx_word' id='word_1_82' title='bbox 254 1161 363 1228; x_wconf 88' lang='grc' dir='ltr'><em>πάντα</em></span> <span class='ocrx_word' id='word_1_83' title='bbox 378 1166 560 1247; x_wconf 81' lang='grc' dir='ltr'><em>τοιγαροῦν</em></span> <span class='ocrx_word' id='word_1_84' title='bbox 570 1156 631 1228; x_wconf 82' lang='grc' dir='ltr'><em>τὸν</em></span> <span class='ocrx_word' id='word_1_85' title='bbox 641 1158 771 1227; x_wconf 84' lang='grc' dir='ltr'><em>τοιόνδε</em></span> <span class='ocrx_word' id='word_1_86' title='bbox 783 1160 938 1245; x_wconf 76' lang='grc' dir='ltr'><em>φλύαρον</em></span> <span class='ocrx_word' id='word_1_87' title='bbox 951 1155 1139 1224; x_wconf 86' lang='grc' dir='ltr'><em>ἀποσκέδα-</em></span> 
     </span>
     <span class='ocr_line' id='line_1_11' title="bbox 132 1255 1138 1346; baseline -0.006 -19"><span class='ocrx_word' id='word_1_88' title='bbox 132 1280 198 1345; x_wconf 92' lang='grc' dir='ltr'><em>σαι,</em></span> <span class='ocrx_word' id='word_1_89' title='bbox 210 1266 309 1327; x_wconf 78' lang='grc' dir='ltr'><em>τοῦτο</em></span> <span class='ocrx_word' id='word_1_90' title='bbox 320 1259 491 1346; x_wconf 76' lang='grc' dir='ltr'><em>ἐννοήσας,</em></span> <span class='ocrx_word' id='word_1_91' title='bbox 504 1256 556 1326; x_wconf 83' lang='grc' dir='ltr'><em>ὅτι</em></span> <span class='ocrx_word' id='word_1_92' title='bbox 572 1266 630 1346; x_wconf 76' lang='grc' dir='ltr'><em>τῆς</em></span> <span class='ocrx_word' id='word_1_93' title='bbox 640 1263 843 1344; x_wconf 69' lang='grc' dir='ltr'><em>συγκρίσεως</em></span> <span class='ocrx_word' id='word_1_94' title='bbox 861 1255 947 1335; x_wconf 85' lang='grc' dir='ltr'><em>ἀπαξ</em></span> <span class='ocrx_word' id='word_1_95' title='bbox 964 1259 1138 1322; x_wconf 89' lang='grc' dir='ltr'><em>διαλυθεί-</em></span> 
     </span>
     <span class='ocr_line' id='line_1_12' title="bbox 131 1349 1139 1444; baseline -0.004 -20"><span class='ocrx_word' id='word_1_96' title='bbox 131 1375 192 1444; x_wconf 89' lang='grc' dir='ltr'><em>σης</em></span> <span class='ocrx_word' id='word_1_97' title='bbox 201 1359 320 1443; x_wconf 80' lang='grc' dir='ltr'><em>καὶτῆς</em></span> <span class='ocrx_word' id='word_1_98' title='bbox 331 1363 438 1442; x_wconf 77' lang='grc' dir='ltr'><em>ψυχῆς</em></span> <span class='ocrx_word' id='word_1_99' title='bbox 446 1358 480 1434; x_wconf 82' lang='grc' dir='ltr'><em>ἐς</em></span> <span class='ocrx_word' id='word_1_100' title='bbox 489 1355 548 1423; x_wconf 88' lang='grc' dir='ltr'><em>τόν</em></span> <span class='ocrx_word' id='word_1_101' title='bbox 560 1361 683 1424; x_wconf 75' lang='grc' dir='ltr'><em>οἰκεῖον</em></span> <span class='ocrx_word' id='word_1_102' title='bbox 693 1349 1039 1441; x_wconf 86' lang='grc' dir='ltr'><em>ίδρυθείσηςτόποντὸ</em></span> <span class='ocrx_word' id='word_1_103' title='bbox 1051 1350 1139 1420; x_wconf 85' lang='grc' dir='ltr'><em>ύπο·</em></span> 
     </span>
    </p>

    <p class='ocr_par' dir='ltr' id='par_1_5' title="bbox 32 1448 1138 1542">
     <span class='ocr_line' id='line_1_13' title="bbox 32 1448 1138 1542; baseline -0.007 -17"><span class='ocrx_word' id='word_1_104' title='bbox 32 1488 36 1497; x_wconf 61' lang='grc'><em>’</em></span> <span class='ocrx_word' id='word_1_105' title='bbox 131 1456 273 1542; x_wconf 73' lang='grc' dir='ltr'><em>λειφθὲν</em></span> <span class='ocrx_word' id='word_1_106' title='bbox 283 1461 388 1540; x_wconf 78' lang='grc' dir='ltr'><em>σῶμα,</em></span> <span class='ocrx_word' id='word_1_107' title='bbox 399 1457 522 1540; x_wconf 79' lang='grc' dir='ltr'><em>γεῶδες</em></span> <span class='ocrx_word' id='word_1_108' title='bbox 532 1449 573 1521; x_wconf 83' lang='grc' dir='ltr'><em>ἀν</em></span> <span class='ocrx_word' id='word_1_109' title='bbox 584 1455 639 1521; x_wconf 76' lang='grc' dir='ltr'><em>καὶ</em></span> <span class='ocrx_word' id='word_1_110' title='bbox 649 1453 783 1538; x_wconf 87' lang='grc' dir='ltr'><em>ἀλογου,</em></span> <span class='ocrx_word' id='word_1_111' title='bbox 794 1450 856 1520; x_wconf 87' lang='grc' dir='ltr'><em>ούκ</em></span> <span class='ocrx_word' id='word_1_112' title='bbox 869 1448 985 1520; x_wconf 86' lang='grc' dir='ltr'><em>έστινὸ</em></span> <span class='ocrx_word' id='word_1_113' title='bbox 998 1450 1138 1534; x_wconf 72' lang='grc' dir='ltr'><em>ἀνθρω</em></span> 
     </span>
    </p>

    <p class='ocr_par' dir='ltr' id='par_1_6' title="bbox 131 1549 1137 1640">
     <span class='ocr_line' id='line_1_14' title="bbox 131 1549 1137 1640; baseline -0.004 -20"><span class='ocrx_word' id='word_1_114' title='bbox 131 1577 202 1632; x_wconf 91' lang='grc' dir='ltr'><em>πος.</em></span> <span class='ocrx_word' id='word_1_115' title='bbox 217 1551 309 1639; x_wconf 77' lang='grc' dir='ltr'><em>ἡμείς</em></span> <span class='ocrx_word' id='word_1_116' title='bbox 322 1555 383 1640; x_wconf 66' lang='grc' dir='ltr'><em>μὲν</em></span> <span class='ocrx_word' id='word_1_117' title='bbox 397 1551 461 1637; x_wconf 89' lang='grc' dir='ltr'><em>γάρ</em></span> <span class='ocrx_word' id='word_1_118' title='bbox 472 1556 573 1638; x_wconf 82' lang='grc' dir='ltr'><em>ἐσμεν</em></span> <span class='ocrx_word' id='word_1_119' title='bbox 583 1553 682 1638; x_wconf 72' lang='grc' dir='ltr'><em>ψυχή,</em></span> <span class='ocrx_word' id='word_1_120' title='bbox 694 1557 778 1632; x_wconf 74' lang='grc' dir='ltr'><em>ζῶον</em></span> <span class='ocrx_word' id='word_1_121' title='bbox 789 1549 964 1620; x_wconf 85' lang='grc' dir='ltr'><em>ἀθάνατου</em></span> <span class='ocrx_word' id='word_1_122' title='bbox 973 1551 1009 1617; x_wconf 83' lang='grc' dir='ltr'><em>έν</em></span> <span class='ocrx_word' id='word_1_123' title='bbox 1020 1553 1137 1636; x_wconf 75' lang='grc' dir='ltr'><em>θνητῷ</em></span> 
     </span>
    </p>

    <p class='ocr_par' dir='ltr' id='par_1_7' title="bbox 62 1643 1140 2417">
     <span class='ocr_line' id='line_1_15' title="bbox 62 1643 1140 1769; baseline -0.005 -50"><span class='ocrx_word' id='word_1_124' title='bbox 62 1679 114 1769; x_wconf 73' lang='grc' dir='ltr'><em>ςςς</em></span> <span class='ocrx_word' id='word_1_125' title='bbox 132 1654 376 1736; x_wconf 72' lang='grc' dir='ltr'><em>καθειργμένον</em></span> <span class='ocrx_word' id='word_1_126' title='bbox 387 1657 555 1738; x_wconf 77' lang='grc' dir='ltr'><em>φρουρίῳ</em></span> <span class='ocrx_word' id='word_1_127' title='bbox 575 1647 612 1716; x_wconf 84' lang='grc' dir='ltr'><em>τὸ</em></span> <span class='ocrx_word' id='word_1_128' title='bbox 629 1653 665 1716; x_wconf 83' lang='grc' dir='ltr'><em>δὲ</em></span> <span class='ocrx_word' id='word_1_129' title='bbox 683 1657 805 1736; x_wconf 78' lang='grc' dir='ltr'><em>σαηνος</em></span> <span class='ocrx_word' id='word_1_130' title='bbox 823 1650 915 1716; x_wconf 77' lang='grc' dir='ltr'><em>τουτὶ</em></span> <span class='ocrx_word' id='word_1_131' title='bbox 930 1643 1014 1728; x_wconf 80' lang='grc' dir='ltr'><em>πρὸς</em></span> <span class='ocrx_word' id='word_1_132' title='bbox 1030 1654 1140 1714; x_wconf 82' lang='grc' dir='ltr'><em>κακοῦ</em></span> 
     </span>
     <span class='ocr_line' id='line_1_16' title="bbox 132 1737 1139 1836; baseline -0.004 -21"><span class='ocrx_word' id='word_1_133' title='bbox 132 1748 354 1835; x_wconf 82' lang='grc' dir='ltr'><em>περιήρμοσεν</em></span> <span class='ocrx_word' id='word_1_134' title='bbox 381 1745 402 1833; x_wconf 78' lang='grc' dir='ltr'><em>ἡ</em></span> <span class='ocrx_word' id='word_1_135' title='bbox 429 1747 576 1836; x_wconf 82' lang='grc' dir='ltr'><em>φύσις,</em></span> <span class='ocrx_word' id='word_1_136' title='bbox 564 1737 592 1813; x_wconf 78' lang='grc' dir='ltr'><em>ὦ</em></span> <span class='ocrx_word' id='word_1_137' title='bbox 612 1749 653 1815; x_wconf 82' lang='grc' dir='ltr'><em>τὰ</em></span> <span class='ocrx_word' id='word_1_138' title='bbox 673 1774 737 1834; x_wconf 87' lang='grc' dir='ltr'><em>μεν</em></span> <span class='ocrx_word' id='word_1_139' title='bbox 756 1743 921 1833; x_wconf 77' lang='grc' dir='ltr'><em>ἥδοντα’</em></span> <span class='ocrx_word' id='word_1_140' title='bbox 902 1757 1059 1829; x_wconf 80' lang='grc' dir='ltr'><em>αμνγιαλα</em></span> <span class='ocrx_word' id='word_1_141' title='bbox 1080 1747 1139 1811; x_wconf 85' lang='grc' dir='ltr'><em>και</em></span> 
     </span>
     <span class='ocr_line' id='line_1_17' title="bbox 131 1839 1138 1932; baseline -0.007 -19"><span class='ocrx_word' id='word_1_142' title='bbox 131 1870 239 1932; x_wconf 89' lang='grc' dir='ltr'><em>πτηυα</em></span> <span class='ocrx_word' id='word_1_143' title='bbox 227 1844 307 1912; x_wconf 79' lang='grc' dir='ltr'><em>καί</em></span> <span class='ocrx_word' id='word_1_144' title='bbox 316 1849 466 1912; x_wconf 85' lang='grc' dir='ltr'><em>πλείοσιν</em></span> <span class='ocrx_word' id='word_1_145' title='bbox 480 1841 648 1923; x_wconf 82' lang='grc' dir='ltr'><em>ὀδύναις’</em></span> <span class='ocrx_word' id='word_1_146' title='bbox 628 1847 890 1931; x_wconf 79' lang='grc' dir='ltr'><em>ἀνακεκραμένα,</em></span> <span class='ocrx_word' id='word_1_147' title='bbox 900 1867 940 1908; x_wconf 92' lang='grc' dir='ltr'><em>τα</em></span> <span class='ocrx_word' id='word_1_148' title='bbox 929 1839 987 1908; x_wconf 86' lang='grc' dir='ltr'><em>δε</em></span> <span class='ocrx_word' id='word_1_149' title='bbox 998 1839 1138 1924; x_wconf 87' lang='grc' dir='ltr'><em>ἀλγεινά</em></span> 
     </span>
     <span class='ocr_line' id='line_1_18' title="bbox 134 1935 1139 2027; baseline -0.007 -19"><span class='ocrx_word' id='word_1_150' title='bbox 134 1940 301 2027; x_wconf 88' lang='grc' dir='ltr'><em>ἀκραιφνη</em></span> <span class='ocrx_word' id='word_1_151' title='bbox 290 1941 369 2008; x_wconf 83' lang='grc' dir='ltr'><em>καὶ</em></span> <span class='ocrx_word' id='word_1_152' title='bbox 381 1940 585 2027; x_wconf 78' lang='grc' dir='ltr'><em>πολυχρόνια</em></span> <span class='ocrx_word' id='word_1_153' title='bbox 595 1944 732 2009; x_wconf 78' lang='grc' dir='ltr'><em>καὶτῶν</em></span> <span class='ocrx_word' id='word_1_154' title='bbox 746 1935 931 2027; x_wconf 43' lang='grc' dir='ltr'><em>ἡδύντωνέ</em></span> <span class='ocrx_word' id='word_1_155' title='bbox 910 1961 1045 2023; x_wconf 91' lang='grc' dir='ltr'><em>αμοιρα·</em></span> <span class='ocrx_word' id='word_1_156' title='bbox 1067 1937 1139 2021; x_wconf 88' lang='grc' dir='ltr'><em>[νό-</em></span> 
     </span>
     <span class='ocr_line' id='line_1_19' title="bbox 132 2030 1140 2126; baseline -0.004 -22"><span class='ocrx_word' id='word_1_157' title='bbox 132 2058 214 2116; x_wconf 90' lang='grc' dir='ltr'><em>σους</em></span> <span class='ocrx_word' id='word_1_158' title='bbox 225 2038 326 2106; x_wconf 75' lang='grc' dir='ltr'><em>δὲκαὶ</em></span> <span class='ocrx_word' id='word_1_159' title='bbox 338 2037 529 2124; x_wconf 86' lang='grc' dir='ltr'><em>φλεγμονάς</em></span> <span class='ocrx_word' id='word_1_160' title='bbox 540 2048 608 2107; x_wconf 77' lang='grc' dir='ltr'><em>των</em></span> <span class='ocrx_word' id='word_1_161' title='bbox 618 2045 854 2126; x_wconf 79' lang='grc' dir='ltr'><em>αἰσθητηρίων,</em></span> <span class='ocrx_word' id='word_1_162' title='bbox 867 2044 914 2106; x_wconf 79' lang='grc' dir='ltr'><em>ἔτι</em></span> <span class='ocrx_word' id='word_1_163' title='bbox 924 2033 960 2102; x_wconf 68' lang='grc' dir='ltr'><em>δέ</em></span> <span class='ocrx_word' id='word_1_164' title='bbox 973 2030 1032 2112; x_wconf 85' lang='grc' dir='ltr'><em>τάς</em></span> <span class='ocrx_word' id='word_1_165' title='bbox 1045 2032 1140 2112; x_wconf 82' lang='grc' dir='ltr'><em>έντός</em></span> 
     </span>
     <span class='ocr_line' id='line_1_20' title="bbox 131 2129 1138 2222; baseline -0.006 -18"><span class='ocrx_word' id='word_1_166' title='bbox 131 2134 335 2222; x_wconf 82' lang='grc' dir='ltr'><em>κακότητας,]</em></span> <span class='ocrx_word' id='word_1_167' title='bbox 350 2129 401 2214; x_wconf 82' lang='grc' dir='ltr'><em>οἷς</em></span> <span class='ocrx_word' id='word_1_168' title='bbox 415 2133 639 2221; x_wconf 76' lang='grc' dir='ltr'><em>ἀναγκαστῶς,</em></span> <span class='ocrx_word' id='word_1_169' title='bbox 651 2136 709 2205; x_wconf 87' lang='grc' dir='ltr'><em>ἀτε</em></span> <span class='ocrx_word' id='word_1_170' title='bbox 726 2135 983 2220; x_wconf 87' lang='grc' dir='ltr'><em>παρεσπαρμένη</em></span> <span class='ocrx_word' id='word_1_171' title='bbox 995 2146 1064 2211; x_wconf 82' lang='grc' dir='ltr'><em>τοῖς</em></span> <span class='ocrx_word' id='word_1_172' title='bbox 1074 2132 1138 2199; x_wconf 88' lang='grc' dir='ltr'><em>πύ-</em></span> 
     </span>
     <span class='ocr_line' id='line_1_21' title="bbox 133 2228 1139 2319; baseline -0.006 -19"><span class='ocrx_word' id='word_1_173' title='bbox 133 2258 212 2317; x_wconf 85' lang='grc' dir='ltr'><em>ροις,</em></span> <span class='ocrx_word' id='word_1_174' title='bbox 225 2230 247 2318; x_wconf 79' lang='grc' dir='ltr'><em>ἡ</em></span> <span class='ocrx_word' id='word_1_175' title='bbox 258 2231 346 2318; x_wconf 76' lang='grc' dir='ltr'><em>ψυχὴ</em></span> <span class='ocrx_word' id='word_1_176' title='bbox 358 2241 572 2317; x_wconf 81' lang='grc' dir='ltr'><em>συναλγοῦσα</em></span> <span class='ocrx_word' id='word_1_177' title='bbox 583 2231 643 2302; x_wconf 84' lang='grc' dir='ltr'><em>τὸν</em></span> <span class='ocrx_word' id='word_1_178' title='bbox 653 2233 815 2319; x_wconf 89' lang='grc' dir='ltr'><em>ούράνιον</em></span> <span class='ocrx_word' id='word_1_179' title='bbox 824 2241 926 2298; x_wconf 84' lang='grc' dir='ltr'><em>ποθεῖ</em></span> <span class='ocrx_word' id='word_1_180' title='bbox 933 2232 988 2297; x_wconf 76' lang='grc' dir='ltr'><em>καί</em></span> <span class='ocrx_word' id='word_1_181' title='bbox 1001 2228 1139 2316; x_wconf 89' lang='grc' dir='ltr'><em>σύμφυ-</em></span> 
     </span>
     <span class='ocr_line' id='line_1_22' title="bbox 131 2325 1140 2417; baseline -0.002 -23"><span class='ocrx_word' id='word_1_182' title='bbox 131 2339 194 2395; x_wconf 90' lang='grc' dir='ltr'><em>λον</em></span> <span class='ocrx_word' id='word_1_183' title='bbox 211 2335 343 2415; x_wconf 81' lang='grc' dir='ltr'><em>αίθέρα,</em></span> <span class='ocrx_word' id='word_1_184' title='bbox 360 2333 416 2396; x_wconf 82' lang='grc' dir='ltr'><em>καὶ</em></span> <span class='ocrx_word' id='word_1_185' title='bbox 432 2336 514 2417; x_wconf 78' lang='grc' dir='ltr'><em>διψᾷ</em></span> <span class='ocrx_word' id='word_1_186' title='bbox 528 2339 587 2416; x_wconf 81' lang='grc' dir='ltr'><em>τῆς</em></span> <span class='ocrx_word' id='word_1_187' title='bbox 605 2332 709 2415; x_wconf 64' lang='grc' dir='ltr'><em>ἐκεῖσε</em></span> <span class='ocrx_word' id='word_1_188' title='bbox 721 2334 844 2413; x_wconf 84' lang='grc' dir='ltr'><em>διαίτης</em></span> <span class='ocrx_word' id='word_1_189' title='bbox 854 2331 909 2394; x_wconf 84' lang='grc' dir='ltr'><em>καὶ</em></span> <span class='ocrx_word' id='word_1_190' title='bbox 925 2334 1055 2414; x_wconf 81' lang='grc' dir='ltr'><em>χορείας</em></span> <span class='ocrx_word' id='word_1_191' title='bbox 1070 2325 1140 2410; x_wconf 84' lang='grc' dir='ltr'><em>ὀρι-</em></span> 
     </span>
    </p>

    <p class='ocr_par' dir='ltr' id='par_1_8' title="bbox 94 2422 1140 2512">
     <span class='ocr_line' id='line_1_23' title="bbox 94 2422 1140 2512; baseline 0.001 -21"><span class='ocrx_word' id='word_1_192' title='bbox 94 2456 112 2504; x_wconf 87' lang='lat' dir='ltr'>B</span> <span class='ocrx_word' id='word_1_193' title='bbox 132 2429 301 2511; x_wconf 89' lang='grc' dir='ltr'><em>γνωμένη·</em></span> <span class='ocrx_word' id='word_1_194' title='bbox 325 2422 512 2510; x_wconf 77' lang='grc' dir='ltr'><em>ἀστεητού</em></span> <span class='ocrx_word' id='word_1_195' title='bbox 523 2431 581 2511; x_wconf 79' lang='grc' dir='ltr'><em>ζῇν</em></span> <span class='ocrx_word' id='word_1_196' title='bbox 592 2423 764 2512; x_wconf 88' lang='grc' dir='ltr'><em>ἀπαλλαγή</em></span> <span class='ocrx_word' id='word_1_197' title='bbox 776 2432 882 2493; x_wconf 83' lang='grc' dir='ltr'><em>κακοῦ</em></span> <span class='ocrx_word' id='word_1_198' title='bbox 893 2426 983 2503; x_wconf 88' lang='grc' dir='ltr'><em>τινός</em></span> <span class='ocrx_word' id='word_1_199' title='bbox 993 2428 1084 2493; x_wconf 80' lang='grc' dir='ltr'><em>ἐστιν</em></span> <span class='ocrx_word' id='word_1_200' title='bbox 1095 2430 1140 2503; x_wconf 84' lang='grc' dir='ltr'><em>είς</em></span> 
     </span>
    </p>

    <p class='ocr_par' dir='ltr' id='par_1_9' title="bbox 41 2516 458 2607">
     <span class='ocr_line' id='line_1_24' title="bbox 41 2516 458 2607; baseline -0.002 -19"><span class='ocrx_word' id='word_1_201' title='bbox 41 2516 50 2533; x_wconf 78' lang='grc'><em>“</em></span> <span class='ocrx_word' id='word_1_202' title='bbox 133 2518 268 2606; x_wconf 79' lang='grc' dir='ltr'><em>ἀγαθὰν</em></span> <span class='ocrx_word' id='word_1_203' title='bbox 283 2521 458 2607; x_wconf 80' lang='grc' dir='ltr'><em>μεταβολή.</em></span> 
     </span>
    </p>

    <p class='ocr_par' dir='ltr' id='par_1_10' title="bbox 131 2607 1142 2904">
     <span class='ocr_line' id='line_1_25' title="bbox 217 2607 1142 2708; baseline 0.003 -25"><span class='ocrx_word' id='word_1_204' title='bbox 217 2621 268 2684; x_wconf 86' lang='lat' dir='ltr'><em>lv</em></span> <span class='ocrx_word' id='word_1_205' title='bbox 286 2621 354 2694; x_wconf 74' lang='grc' dir='ltr'><em>ΑΞ.</em></span> <span class='ocrx_word' id='word_1_206' title='bbox 375 2614 492 2685; x_wconf 85' lang='grc' dir='ltr'><em>Κακόν</em></span> <span class='ocrx_word' id='word_1_207' title='bbox 503 2609 577 2702; x_wconf 80' lang='grc' dir='ltr'><em>οὖν,</em></span> <span class='ocrx_word' id='word_1_208' title='bbox 590 2644 616 2685; x_wconf 88' lang='grc' dir='ltr'><em>ω</em></span> <span class='ocrx_word' id='word_1_209' title='bbox 604 2607 850 2706; x_wconf 71' lang='grc' dir='ltr'><em>Σώκρατες,</em></span> <span class='ocrx_word' id='word_1_210' title='bbox 830 2620 1018 2708; x_wconf 88' lang='grc' dir='ltr'><em>ηγούμενος</em></span> <span class='ocrx_word' id='word_1_211' title='bbox 1028 2644 1066 2684; x_wconf 88' lang='grc' dir='ltr'><em>το</em></span> <span class='ocrx_word' id='word_1_212' title='bbox 1056 2615 1142 2704; x_wconf 79' lang='grc' dir='ltr'><em>ζῇν</em></span> 
     </span>
     <span class='ocr_line' id='line_1_26' title="bbox 132 2711 1140 2804; baseline 0.003 -23"><span class='ocrx_word' id='word_1_213' title='bbox 132 2718 203 2792; x_wconf 73' lang='grc' dir='ltr'><em>πῶς</em></span> <span class='ocrx_word' id='word_1_214' title='bbox 214 2713 306 2781; x_wconf 80' lang='grc' dir='ltr'><em>ἐν’</em></span> <span class='ocrx_word' id='word_1_215' title='bbox 263 2740 352 2802; x_wconf 82' lang='grc' dir='ltr'><em>αντφ</em></span> <span class='ocrx_word' id='word_1_216' title='bbox 341 2717 488 2801; x_wconf 84' lang='grc' dir='ltr'><em>μένεις,</em></span> <span class='ocrx_word' id='word_1_217' title='bbox 506 2716 682 2784; x_wconf 76' lang='grc' dir='ltr'><em>καὶταῦτα</em></span> <span class='ocrx_word' id='word_1_218' title='bbox 699 2718 899 2804; x_wconf 81' lang='grc' dir='ltr'><em>φροντιστὴς</em></span> <span class='ocrx_word' id='word_1_219' title='bbox 916 2714 964 2784; x_wconf 81' lang='grc' dir='ltr'><em>ἀν</em></span> <span class='ocrx_word' id='word_1_220' title='bbox 981 2716 1036 2782; x_wconf 80' lang='grc' dir='ltr'><em>καί</em></span> <span class='ocrx_word' id='word_1_221' title='bbox 1054 2711 1140 2802; x_wconf 72' lang='grc' dir='ltr'><em>νπὲρ</em></span> 
     </span>
     <span class='ocr_line' id='line_1_27' title="bbox 131 2810 775 2904; baseline 0.005 -23"><span class='ocrx_word' id='word_1_222' title='bbox 131 2810 218 2898; x_wconf 82' lang='grc' dir='ltr'><em>ημᾶς</em></span> <span class='ocrx_word' id='word_1_223' title='bbox 228 2838 308 2893; x_wconf 92' lang='grc' dir='ltr'><em>τους</em></span> <span class='ocrx_word' id='word_1_224' title='bbox 317 2813 464 2892; x_wconf 84' lang='grc' dir='ltr'><em>πολλούς</em></span> <span class='ocrx_word' id='word_1_225' title='bbox 472 2819 519 2904; x_wconf 79' lang='grc' dir='ltr'><em>τῷ</em></span> <span class='ocrx_word' id='word_1_226' title='bbox 529 2839 579 2904; x_wconf 81' lang='grc' dir='ltr'><em>νω</em></span> <span class='ocrx_word' id='word_1_227' title='bbox 566 2817 775 2904; x_wconf 85' lang='grc' dir='ltr'><em>διαφέρων;</em></span> 
     </span>
    </p>

    <p class='ocr_par' dir='ltr' id='par_1_11' title="bbox 25 2907 1141 3290">
     <span class='ocr_line' id='line_1_28' title="bbox 25 2907 1141 3000; baseline -0.003 -21"><span class='ocrx_word' id='word_1_228' title='bbox 25 2907 27 2913; x_wconf 66' lang='grc'><strong>’</strong></span> <span class='ocrx_word' id='word_1_229' title='bbox 217 2917 293 2979; x_wconf 79' lang='grc' dir='ltr'><em>ΣΩ</em></span> <span class='ocrx_word' id='word_1_230' title='bbox 310 2909 379 2992; x_wconf 66' lang='lat' dir='ltr'><em>’Aet</em></span> <span class='ocrx_word' id='word_1_231' title='bbox 377 2937 442 2997; x_wconf 82' lang='grc' dir='ltr'><em>οχε,</em></span> <span class='ocrx_word' id='word_1_232' title='bbox 454 2912 546 2979; x_wconf 83' lang='grc' dir='ltr'><em>συδ</em></span> <span class='ocrx_word' id='word_1_233' title='bbox 557 2910 620 2980; x_wconf 89' lang='grc' dir='ltr'><em>ουκ</em></span> <span class='ocrx_word' id='word_1_234' title='bbox 630 2913 734 3000; x_wconf 81' lang='grc' dir='ltr'><em>ἔτυμα</em></span> <span class='ocrx_word' id='word_1_235' title='bbox 750 2939 807 3000; x_wconf 92' lang='grc' dir='ltr'><em>μοι</em></span> <span class='ocrx_word' id='word_1_236' title='bbox 818 2925 1041 2998; x_wconf 87' lang='grc' dir='ltr'><em>μαρτυρεις,</em></span> <span class='ocrx_word' id='word_1_237' title='bbox 1043 2920 1085 2979; x_wconf 86' lang='grc' dir='ltr'><em>ίει</em></span> <span class='ocrx_word' id='word_1_238' title='bbox 1043 2909 1141 2978; x_wconf 73' lang='grc' dir='ltr'><em>ίδὲ</em></span> 
     </span>
     <span class='ocr_line' id='line_1_29' title="bbox 134 3005 1141 3098; baseline 0 -23"><span class='ocrx_word' id='word_1_239' title='bbox 134 3006 288 3091; x_wconf 81' lang='grc' dir='ltr'><em>καθάπερ</em></span> <span class='ocrx_word' id='word_1_240' title='bbox 294 3005 508 3096; x_wconf 70' lang='grc' dir='ltr'><em>Ἀθηναίων’</em></span> <span class='ocrx_word' id='word_1_241' title='bbox 491 3037 512 3097; x_wconf 94' lang='grc' dir='ltr'><em>η</em></span> <span class='ocrx_word' id='word_1_242' title='bbox 524 3011 667 3098; x_wconf 87' lang='grc' dir='ltr'><em>πληθύς,</em></span> <span class='ocrx_word' id='word_1_243' title='bbox 683 3008 794 3096; x_wconf 83' lang='grc' dir='ltr'><em>ἐπειδη</em></span> <span class='ocrx_word' id='word_1_244' title='bbox 812 3011 1027 3097; x_wconf 82' lang='grc' dir='ltr'><em>ζητητικόςί</em></span> <span class='ocrx_word' id='word_1_245' title='bbox 996 3036 1011 3077; x_wconf 88' lang='grc' dir='ltr'><em>ε</em></span> <span class='ocrx_word' id='word_1_246' title='bbox 1025 3036 1062 3094; x_wconf 90' lang='grc' dir='ltr'><em>μι</em></span> <span class='ocrx_word' id='word_1_247' title='bbox 1072 3015 1141 3075; x_wconf 80' lang='grc' dir='ltr'><em>τῶν</em></span> 
     </span>
     <span class='ocr_line' id='line_1_30' title="bbox 135 3103 1140 3209; baseline 0.004 -39"><span class='ocrx_word' id='word_1_248' title='bbox 135 3104 348 3191; x_wconf 78' lang='grc' dir='ltr'><em>πραγμάτων,</em></span> <span class='ocrx_word' id='word_1_249' title='bbox 369 3108 572 3194; x_wconf 80' lang='grc' dir='ltr'><em>ἐπιστήμονά</em></span> <span class='ocrx_word' id='word_1_250' title='bbox 589 3133 649 3176; x_wconf 90' lang='grc' dir='ltr'><em>τον</em></span> <span class='ocrx_word' id='word_1_251' title='bbox 665 3108 757 3176; x_wconf 77' lang='grc' dir='ltr'><em>εἶναί</em></span> <span class='ocrx_word' id='word_1_252' title='bbox 770 3134 820 3194; x_wconf 90' lang='grc' dir='ltr'><em>με.</em></span> <span class='ocrx_word' id='word_1_253' title='bbox 846 3109 964 3209; x_wconf 76' lang='grc' dir='ltr'><em>ἕγωδδ</em></span> <span class='ocrx_word' id='word_1_254' title='bbox 982 3103 1140 3193; x_wconf 84' lang='grc' dir='ltr'><em>εύξαίμην</em></span> 
     </span>
     <span class='ocr_line' id='line_1_31' title="bbox 135 3201 1140 3290; baseline -0.001 -18"><span class='ocrx_word' id='word_1_255' title='bbox 135 3201 179 3272; x_wconf 85' lang='grc' dir='ltr'><em>ἀν</em></span> <span class='ocrx_word' id='word_1_256' title='bbox 189 3203 229 3272; x_wconf 87' lang='grc' dir='ltr'><em>τά</em></span> <span class='ocrx_word' id='word_1_257' title='bbox 243 3202 340 3272; x_wconf 86' lang='grc' dir='ltr'><em>κοινά</em></span> <span class='ocrx_word' id='word_1_258' title='bbox 351 3214 455 3273; x_wconf 81' lang='grc' dir='ltr'><em>ταῦτα</em></span> <span class='ocrx_word' id='word_1_259' title='bbox 465 3211 600 3275; x_wconf 80' lang='grc' dir='ltr'><em>εἰδέναι·</em></span> <span class='ocrx_word' id='word_1_260' title='bbox 624 3213 786 3273; x_wconf 84' lang='grc' dir='ltr'><em>τοσοῦτον</em></span> <span class='ocrx_word' id='word_1_261' title='bbox 802 3205 934 3275; x_wconf 82' lang='grc' dir='ltr'><em>ἀποδέω</em></span> <span class='ocrx_word' id='word_1_262' title='bbox 945 3213 1013 3273; x_wconf 80' lang='grc' dir='ltr'><em>των</em></span> <span class='ocrx_word' id='word_1_263' title='bbox 1027 3229 1140 3290; x_wconf 89' lang='grc' dir='ltr'><em>περιτ-</em></span> 
     </span>
    </p>

    <p class='ocr_par' dir='ltr' id='par_1_12' title="bbox 99 3300 1139 3391">
     <span class='ocr_line' id='line_1_32' title="bbox 99 3300 1139 3391; baseline 0.004 -25"><span class='ocrx_word' id='word_1_264' title='bbox 99 3326 117 3375; x_wconf 78' lang='lat' dir='ltr'>e</span> <span class='ocrx_word' id='word_1_265' title='bbox 135 3308 212 3369; x_wconf 78' lang='grc' dir='ltr'><em>των.</em></span> <span class='ocrx_word' id='word_1_266' title='bbox 223 3304 278 3371; x_wconf 82' lang='grc' dir='ltr'><em>καὶ</em></span> <span class='ocrx_word' id='word_1_267' title='bbox 288 3309 392 3370; x_wconf 82' lang='grc' dir='ltr'><em>ταῦτα</em></span> <span class='ocrx_word' id='word_1_268' title='bbox 404 3301 484 3389; x_wconf 79' lang='grc' dir='ltr'><em>δέ,“</em></span> <span class='ocrx_word' id='word_1_269' title='bbox 461 3331 482 3370; x_wconf 95' lang='grc' dir='ltr'><em>α</em></span> <span class='ocrx_word' id='word_1_270' title='bbox 493 3306 707 3390; x_wconf 88' lang='grc' dir='ltr'><em>λέγω,Προδί</em></span> <span class='ocrx_word' id='word_1_271' title='bbox 705 3330 769 3372; x_wconf 89' lang='grc' dir='ltr'><em>κον</em></span> <span class='ocrx_word' id='word_1_272' title='bbox 780 3308 848 3374; x_wconf 77' lang='grc' dir='ltr'><em>ἐστὶ</em></span> <span class='ocrx_word' id='word_1_273' title='bbox 858 3313 919 3373; x_wconf 81' lang='grc' dir='ltr'><em>τοῦ</em></span> <span class='ocrx_word' id='word_1_274' title='bbox 931 3311 1042 3391; x_wconf 80' lang='grc' dir='ltr'><em>σοφοῦ</em></span> <span class='ocrx_word' id='word_1_275' title='bbox 1052 3300 1139 3387; x_wconf 91' lang='grc' dir='ltr'><em>ἀπη-</em></span> 
     </span>
    </p>
   </div>
   <div class='ocr_carea' id='block_1_3' title="bbox 0 0 1216 3758">
    <p class='ocr_par' dir='ltr' id='par_1_13' title="bbox 0 0 1216 3758">
     <span class='ocr_line' id='line_1_33' title="bbox 0 0 1216 3758; baseline 0 0"><span class='ocrx_word' id='word_1_276' title='bbox 0 0 1216 3758; x_wconf 95' lang='lat' dir='ltr'><em> </em></span> 
     </span>
    </p>
   </div>
  </div>
 </body>
</html>
