2408 3764
68 191 124 265 του
332 199 568 259 ωιεεονε
585 199 804 259 αοΜονΣ.
1014 193 1080 261 σου

557 393 594 452 Θ.

152 499 184 554 P.
200 496 297 557 8531).
319 478 548 570 κερασβόλους’
530 481 590 549 απὸ
604 508 772 590 μεταφορας
784 510 843 551 των
856 489 889 552 δν
902 511 964 564 τοις
973 494 1079 588 πυροις

67 576 120 640 καί
134 569 266 678 ὀσπρίοις
286 570 507 678 συμφυομένων
520 576 663 673 σκληρῶν
669 569 788 634 κόκκων
801 565 869 646 τυάς
884 565 1079 647 ἀπαιδεύτους

66 661 119 724 καί
134 653 269 763 ἀπειθεῖς
282 660 343 730 τοῖς
357 649 458 736 νόμοις
473 654 524 717 καί
538 647 682 738 σκληροάς
696 660 760 728 ταῖς
769 652 899 737 γνάμαις
909 658 1008 760 φησίν.
1026 647 1077 718 οδ-

67 769 113 808 τοι
127 731 183 807 οάν
197 736 277 803 06'
240 762 345 804 κοκκοι
361 729 518 821 σκληροίό
534 736 589 800 είσλ
605 735 663 799 καί
672 738 801 840 μέλανες,
817 737 997 847 στρογγύλοι,
1015 741 1077 803 660-

67 828 201 910 μεγὲθεις
222 825 421 927 κέγηροις,
391 825 422 885 οἳ
442 816 638 927 συνεψόμενοι
655 827 717 897 τοῖς
731 815 866 927 ὀσπρίοις
878 846 914 885 ου
927 846 1076 903 τητονται.

66 914 198 994 εἴρηνται
213 909 246 972 δὲ
260 931 352 982 ουτως
366 899 425 968 ἀπὸ
438 911 498 968 τοῦ
503 900 559 986 τήν
574 899 766 1009 κατρσποράν
775 901 866 969 καί
838 930 869 969 το
881 901 1043 1012 άρυτρον
1015 930 1077 980 τοις

67 997 170 1079 κέρασι
190 997 250 1056 τάν
270 995 351 1074 βοων
371 992 536 1072 βεβλῆσθαι
556 982 644 1051 καλ’
626 986 824 1070 αντιτόπτειν,
849 990 901 1054 καλ
922 992 973 1052 δια
991 995 1076 1053 τοῦτο

67 1021 231 1194 κερασβόλα
245 1080 406 1156 κληθῆναι.
427 1080 461 1135 R.

151 1183 184 1239 D.
205 1168 369 1279 ἀτεράμων]
384 1166 613 1277 ἀκαταπβνητος.
631 1180 666 1237 Β.

151 1266 246 1324 854ss
273 1250 513 1360 ἀλιτηριάδεις’
493 1279 553 1320 απο
567 1262 626 1321 τόν
639 1252 808 1361 ἀλιτηρίων.
831 1244 913 1320 οὗτοι
928 1256 961 1320 66
974 1258 1075 1341 λόγον·

66 1370 114 1409 ται
129 1343 162 1407 ἐκ
181 1345 275 1405 τοῦδε.
308 1348 391 1423 λιμος
410 1363 480 1404 ποτε
499 1340 639 1424 κατάλαβε
657 1336 725 1445 τοὺς
742 1334 937 1443 Ἀθηνριίους
965 1365 1025 1404 των
1045 1341 1076 1405 66

66 1422 219 1491 άλοάντων
227 1427 442 1528 ἐπιτηροῦντες
460 1448 475 1488 ο
477 1423 635 1506 ime
649 1417 805 1573 ἀλοήμενα
814 1417 852 1488 τά
850 1419 976 1529 άλευρα
982 1425 1074 1529 διήρ-

65 1516 173 1589 παζον,
196 1500 364 1616 κάγτεῦθεν
376 1509 408 1571 οἱ
424 1512 510 1571 τοῦτο
532 1511 657 1593 δρῶντες
678 1503 776 1610 αότῶγ
790 1504 961 1592 ἐκλήθησαν
974 1502 1075 1614 ἀλιτή-

67 1619 134 1678 ριοι.
166 1592 322 1694 παρέτεινε
335 1586 368 1657 τὸ
384 1586 478 1673 ὄνομα
495 1590 547 1654 καί
566 1593 669 1657 ἐπὶ
628 1619 687 1657 των
700 1618 771 1674 μετα
759 1586 873 1696 Ἰίηβας
867 1618 895 1658 τι
908 1589 1076 1658 ποιεόντων

66 1680 214 1781 λέγεσθαι.
239 1674 402 1763 παράγεται
417 1676 449 1739 66
464 1666 547 1739 καί’
529 1671 588 1741 απὸ
603 1702 655 1742 του
641 1672 873 1763 ’ἀλιτρεόειωὸ
856 1674 995 1742 ἕόστιν“
980 1704 1074 1762 αμαρ-

64 1761 172 1826 τάνειν.
194 1768 230 1824 R.

150 1853 182 1908 B.
206 1837 534 1949 ἀποδιοπομπήσεις]
501 1868 553 1920 τας
556 1836 754 1949 ἀποστροφὰς
769 1840 820 1918 τὰς
831 1840 1032 1949 γιγνομένας’
1016 1840 1075 1907 υπὸ

65 1936 118 1995 τοῦ
138 1924 340 2034 ἀποτροπαίου
357 1929 444 2034 Διόςξ
466 1921 564 1992 διδι
535 1952 568 1991 το
590 1931 792 2030 καθαίρεσθαι
811 1925 848 1991 τὰ
867 1922 1009 1991 δεινά·”
988 1922 1075 2027 ητδις

40 2092 44 2098 .
67 2011 245 2092 ἀποπομπὰς
260 2005 313 2087 τάς
322 2034 400 2113 προς
413 2037 466 2076 τον
478 2007 696 2099 προστρόπαιον
706 2015 749 2082 Δί
747 2038 776 2093 α,
735 2013 844 2103 ίκαδ
856 2012 947 2076 οἱονεί
957 2008 1074 2100 καθάρ-

66 2119 126 2172 σεις
139 2097 191 2161 καί
205 2095 353 2199 ἱλασμούς.
372 2105 407 2160 R.
474 2124 476 2133 ⁴

150 2188 184 2243 Β.
206 2174 477 2262 ἀποτροπαίων]
436 2205 496 2245 των
507 2173 732 2266 ἀποτρεπόντων
740 2175 776 2244 τά
788 2160 874 2245 κακά.
897 2175 1075 2284 λαμβάνεται

66 2260 134 2347 666
148 2266 223 2342 λέξις
243 2264 295 2327 καί
315 2263 363 2327 ἐπί
384 2271 455 2330 τῶν
463 2289 599 2345 φευκτων
613 2265 665 2328 καί
678 2272 831 2347 μισεῖσθαι
845 2257 937 2342 ἀξίων
952 2257 1073 2345 ἀνθρά-

65 2373 142 2412 πων
161 2356 194 2413 R.

150 2426 289 2499 855οΫ
267 2456 369 2513 ατιμος
389 2457 425 2496 ου
414 2426 571 2536 ’μόνον’
558 2456 575 2496 ο
593 2425 885 2538 ἀπεστερημένος
848 2458 900 2515 της
920 2433 1072 2534 ἐπιτιμίας,

67 2514 139 2578 όόστε
121 2542 194 2621 μη
183 2510 361 2620 βουλεύειν
370 2512 443 2598 μήτε
454 2514 542 2594 δικάζ
525 2524 584 2594 ζειν
593 2515 665 2620 μήτε
652 2514 776 2624 άρηειν
786 2514 857 2620 μήτε
867 2512 1074 2582 πολιτεύεσθαι

65 2596 123 2682 μήτ
121 2593 219 2663 ἀλλο
232 2624 261 2664 τι
274 2606 333 2665 τῶν
346 2625 457 2665 κοινων
469 2607 575 2683 ποιεῖν,
590 2596 665 2664 ἀλλὰ
679 2627 732 2667 τον
745 2598 937 2684 ατιμάρητον.
957 2608 992 2663 R.

153 2692 387 2782 Βάριστίνδην]
403 2724 458 2765 κατ
455 2692 606 2805 ’ἐκλογήν
620 2704 672 2766 καὶ
689 2704 802 2803 αίρεσιν
816 2725 876 2764 των
885 2694 1022 2784 ἀρίστων.
1037 2710 1071 2765 R.

152 2786 364 2868 Βείσαγωγαί
381 2786 456 2848 εἰσιν
474 2788 510 2848 αἱ
520 2779 604 2861 είς
573 2811 610 2850 τα
626 2783 817 2891 δικΗαστήρια
821 2785 912 2848 εἰσενέ
911 2788 987 2867 γξεις
1002 2784 1072 2848 ἑκά-

66 2885 136 2931 στου
148 2872 209 2932 τάν
223 2871 325 2948 δικῶν,
342 2869 394 2932 καί
408 2871 471 2932 εἰσα
491 2876 575 2952 ωγεῖς
589 2872 621 2934 οἱ
631 2877 716 2935 τοῦτο
729 2874 889 2970 ποιρῦντερ
921 2866 1070 2971 προσκλή-

66 2970 124 3026 σεις
139 2953 173 3015 δέ
192 2951 339 3015 είσινί
278 2954 313 3015 at
325 2953 372 3015 ἐπί
385 2958 444 3016 τάν
464 2950 728 3057 αμφισβητρόντων
742 2947 853 3035 κλήρου
866 2977 887 3033 η
902 2948 1070 3054 ἐπικλήρογ.

65 3060 82 3099 υ
70 3061 154 3139 γαρ
168 3028 362 3139 άμφισβητόγ
374 3034 624 3122 προσκαλεῖται
596 3063 648 3103 τον
662 3035 919 3142 ἔπιβεδικασμὲνον
935 3060 1009 3138 πρρς
1019 3029 1071 3100 τόν

65 3115 207 3226 άρηρντα·
229 3123 255 3185 εί
268 3115 351 3185 66
306 3147 356 3224 μη
369 3124 519 3224 πρρσκαλέ
518 3140 615 3227 σαιτο,
631 3115 763 3204 ἀτελής
747 3147 767 3201 η
781 3122 813 3183 δί
810 3143 857 3202 κη.
891 3117 1071 3222 διαψήφισις

65 3197 140 3266 δὲ
112 3227 144 3265 τυ
158 3201 226 3280 τοὺς
239 3199 418 3287 δημότας
386 3231 442 3285 την
456 3213 563 3288 ψῆφον
575 3201 650 3291 ὑπὲρ
664 3214 723 3271 τῶν
736 3199 1000 3288 παρεγγεγράφθαι
1019 3207 1069 3268 δο-

66 3283 200 3350 κούντων
213 3290 350 3391 ἐνεγκεῖν.
373 3298 407 3353 Β.

151 3377 186 3433 D
207 3370 283 3441 κατά
296 3369 329 3439 τὸ
344 3373 445 3456 στόμα]
460 3369 535 3439 κατά
547 3367 602 3457 τήν
617 3366 721 3459 ἀργήν,
735 3377 945 3457 μεταφορικῶς.
967 3376 1001 3435 R.
