2408 3764
68 219 121 275 661
340 210 427 267 ΕΙΣ
446 208 546 268 ΤΟΝ
563 204 792 273 ΑΞΙΟΧΟΝ.
927 221 932 231 ’
1012 207 1075 277 395

69 401 118 439 ται
134 374 165 438 δὲ
180 375 230 437 καὶ
244 376 285 450 εἰς
298 374 422 457 παροιμί
421 396 459 433 αν
409 371 520 435 6666
534 370 618 453 δβρει
632 364 716 433 666⁷
699 377 767 456 696,
784 368 847 435 οἷον
862 364 903 435 ἴθ’
921 374 961 447 είς
976 370 1074 436 Κυνό-

70 477 108 522 σα
146 483 183 533 ες.
206 466 240 525 Β.

109 483 190 604 ργΑ.
212 536 379 625 Καλλιρρόη
394 535 490 621 κρήνη
504 540 536 602 66
550 562 586 623 τη
572 533 723 639 Ἀττικῇ.
745 545 780 605 R

155 635 187 687 B.
198 632 410 729 μορμολυττομ
412 625 505 698 ένους]
522 618 722 705 μορμολυκεῐό
734 639 808 701 φασι
822 617 858 685 τδ
873 630 933 687 τῶν
946 620 1072 726 ὑποκρι-

68 716 129 774 τῶν
148 707 306 792 πρόσωπα,
327 701 348 773 6
341 705 488 811 Δωριεῖς
507 707 628 816 χόρχεια
647 712 798 769 καλοῦσιν.
819 706 958 771 ἐντεῦθεν
972 702 1072 772 καὶτὸ

69 795 233 875 ἐκφοβῆσαι
252 789 400 878 μορμολόξ
384 797 494 870 ξασθαι
513 792 564 855 καί
590 791 876 873 μορμολυττομένους
898 786 964 867 τούς
984 794 1073 873 ἐκφο-

34 909 38 916 ·
67 883 193 960 βοῦντας
207 880 349 979 λέγουσιν.
372 885 407 941 R.

153 957 403 1065 Βὲπιτωθρίζων]
422 953 737 1040 ἐπιλοιδοροόμενος,“
716 986 735 1040 η
750 954 979 1041 ίττεμβαίνων,“
958 986 979 1041 η
992 968 1072 1042 χλευ

68 1042 180 1125 6‘666
162 1073 201 1122 ως
215 1053 281 1126 νῦν,
298 1043 319 1126 6
335 1042 530 1146 καυχώμενος.
551 1051 586 1106 Β.

152 1142 203 1197 365
213 1139 247 1194 A
262 1132 481 1232 συνειλεγμένον
491 1123 543 1274 669
554 1120 784 1231 ἆφδις]συνηχμὲ
782 1151 836 1190 νον
845 1117 897 1202 τδις
907 1123 1031 1211 πληχοίς
1038 1136 1072 1191 Β.

152 1224 186 1277 Β.
208 1215 377 1314 μονονουχὶ]
393 1208 536 1324 6966666
536 1210 619 1312 γμός.
637 1218 673 1274 Β.

156 1306 185 1362 C.
207 1293 291 1362 εὐλαί
302 1300 376 1360 εἰσιν
389 1323 418 1360 οι
410 1299 464 1361 66
474 1303 535 1371 τοῖς
539 1292 710 1398 τραύμασιν
724 1293 905 1398 ίχχινόμενοι
916 1290 1072 1396 σκώληκες,

68 1379 207 1486 κνώδαλα
226 1383 257 1445 δὲ
280 1374 440 1482 κυρίως
409 1406 445 1444 τα
466 1375 611 1442 θαλάττια
630 1383 738 1489 θηρία·
764 1376 920 1442 κινώθαλα
939 1405 979 1461 χα
1014 1378 1072 1441 ἔστι

66 1461 103 1529 τδι
119 1467 150 1529 ἓν
164 1493 200 1552 τη
187 1460 265 1528 ἆλλ
280 1460 449 1566 κινούμενα.
456 1460 586 1548 Όμηρος
600 1464 632 1528 δὲ
647 1485 747 1528 και
688 1462 747 1526 6
747 1464 759 1525 6
772 1465 907 1567 χερσαίου
922 1405 1008 1543 φησί·

153 1543 342 1613 κνώδαλον”
326 1571 386 1610 οττι
400 1544 561 1651 φόχησι,
557 1548 642 1611 nav
626 1564 753 1650 ιχνεσσιν
774 1542 834 1632 χδιρ
842 1541 966 1650 όπηδεῖ.

67 1629 146 1713 πλὴν
157 1628 310 1696 κνώδαλον
324 1626 432 1714 μικρὸν
445 1625 561 1733 ζῶρν
532 1656 564 1695 το
579 1629 741 1695 θαλάττιον
755 1624 850 1694 καὶ
820 1656 853 1694 το
871 1636 1015 1713 χερσαῖον.
1037 1638 1070 1692 Β.

94 1769 96 1774 ,
151 1725 251 1785 366Α.
271 1709 501 1825 όριχνωμένη]
484 1708 666 1818 όρεχομίνη.
671 1725 704 1778 Β.

153 1808 180 1865 C
202 1825 282 1886 παρα
304 1795 415 1884 νἰκαρῆ]
437 1801 504 1862 οιντί
518 1805 570 1863 τοῦ
589 1794 672 1883 παρδι
687 1796 791 1884 βραχό,
812 1794 894 1882 παρὰ
908 1791 1002 1878 όξό,“
986 1824 1002 1861 ο
1020 1790 1072 1879 δόχ

67 1880 175 1948 οἷόντε
190 1893 294 1969 κεῖραι.
315 1892 349 1948 Β.

151 1979 202 2034 367
218 1977 251 2030 Β.
274 1970 318 2043 δὶς
333 1975 465 2044 παῖδεςο
449 1970 633 2053 οίγέροντες]
654 1973 700 2030 666
716 1975 775 2031 τῶν
788 1961 904 2076 6669
875 1972 916 2030 τώ
930 1963 1009 2053 γήρᾳ
1024 1960 1071 2029 εό-

67 2053 236 2197 ηθεστέρων
256 2049 332 2115 εἶναι
352 2049 527 2116 δοκούντων.
548 2059 584 2115 Β
615 2052 757 2134 μέμνηται
772 2051 803 2115 δὲ
822 2045 912 2133 66669
927 2056 1073 2169 Κρατῖνος

67 2135 99 2197 ἒν
115 2131 290 2238 Δηλιοίσιέ
258 2130 290 2198 66
276 2160 365 2238 γων
528 2179 534 2191 ι

152 2208 191 2299 66
194 2208 250 2320 ἆρ’
267 2212 407 2322 ἀληθὴς
397 2244 413 2283 ο
428 2214 557 2321 λόγος,ε
538 2245 577 2294 69
591 2220 636 2295 δίς
647 2227 719 2323 6669
734 2219 824 2295 [ἐστὶν
838 2213 865 2295 6]
882 2244 900 2299 χ
903 2220 984 2319 6666.

67 2329 118 2365 και
108 2299 263 2365 Πλοίτων
279 2305 311 2366 ἕν
331 2300 444 2408 Νόμων
460 2328 503 2366 6·
526 2328 562 2375 ου
576 2299 669 2385 μόνον
683 2299 751 2387 666,
767 2297 805 2378 ὡς
822 2297 960 2381 ἓοικεν,’
948 2303 1072 2401 οχέρων

67 2389 115 2494 δὶς
126 2394 196 2488 6669
210 2389 339 2488 γίγνεται
353 2382 428 2451 ἆλλδι
442 2388 493 2450 καὶ
505 2382 521 2451 6
535 2389 712 2490 μεθυσθείς·
730 2413 779 2450 και
771 2388 973 2469 Μένανδρος
984 2383 1072 2470 Χήρα

67 2471 117 2531 καὶ
134 2467 349 2554 Αριστοφιὶνης
367 2468 565 2552 Νεφέλαις
537 2498 574 2534 6.
602 2480 736 2552 Βὸῑιίςετ.
764 2479 804 2533 kl.
822 2478 901 2535 Schri
905 2477 1070 2549 rtenT.1111‚

65 2577 92 2630 p.
107 2563 167 2619 197

150 2648 201 2704 368
216 2647 249 2702 Ι)
270 2644 471 2742 ποππυσθείη]
494 2643 672 2703 κολακευθεί
670 2667 698 2720 η,
659 2641 752 2702 ίέκ
767 2644 933 2720 μεταφορᾶς
948 2644 1007 2699 τῶν
1023 2639 1071 2699 666

65 2727 126 2795 τοῖς
141 2723 242 2798 ἵπποις
254 2721 477 2806 ποππυσμοίτων
491 2725 524 2787 ἐν
537 2749 578 2826 τω
565 2721 784 2806 ’δαμόζεσθαι
805 2728 839 2784 Β.

150 2807 393 2908 Βέχκαθίτους]
408 2787 586 2893 ἕνεδριυτοίς,
602 2811 667 2872 δολί
658 2832 727 2954 ίους,
744 2800 954 2879 κατασκόπους.
976 2811 1010 2866 Β

149 2897 181 2954 D.
209 2889 495 3001 κριτεχειροτόνησαν]
517 2895 766 2972 κατεψηφί.σαντο
793 2916 813 2970 η
800 2884 1069 2990 καταχειροτονί

65 2973 192 3077 ἐγίγνετο
206 2970 307 3077 οὕτως.
329 2971 454 3080 6666‘
440 3000 456 3039 ο
472 2980 617 3060 κῆρυξ,ο
601 2971 702 3039 0606'
686 2999 742 3062 στω
757 2975 887 3046 Μειδίας
908 2976 993 3075 δοκεῖ
1004 2964 1069 3032 ἄδι-

65 3065 139 3138 κεῖν,
155 3084 254 3142 αρυτω
265 3084 321 3140 την
335 3066 424 3144 χεῖρα.
448 3056 600 3122 είταίθ
529 3063 559 3123 οἱ
575 3061 712 3135 θέλοντες
723 3039 871 3136 ίξέτεινον
890 3051 942 3131 ιδις
963 3062 1068 3137 χεῖρας,

65 3143 117 3204 καλ
131 3144 260 3207 ἐκαλεῖτο
273 3149 361 3208 τοῦτο
373 3149 489 3247 πρῶτον
500 3146 745 3247 καταχειροτονία.
761 3140 822 3205 εἶτα
832 3137 923 3204 πόλιν
935 3138 1069 3248 δεύτερον

65 3223 196 3326 66666‘
184 3253 199 3291 ο
216 3223 303 3305 αὐτὸς
317 3225 455 3310 κῆρυξᾙ
446 3227 503 3315 666
517 3254 559 3308 μη
547 3222 659 3291 δοκεῖ
674 3221 788 3290 ἆδικεῖν
805 3221 988 3305 Μειδίας,’
968 3222 1070 3308 αροὶτω

64 3303 120 3387 τὴν
135 3317 225 3415 χεῖρα,
239 3341 290 3377 και
280 3309 444 3389 ἕξὲτεινόν
450 3336 543 3416 τινες,
559 3312 611 3374 καὶ
627 3305 787 3375 ἒκαλεῖτο’
769 3313 971 3416 ωποχειροτονί
971 3334 997 3371 α.
959 3307 1070 3372 ίκοιλ

65 3390 170 3455 λοιπὸν
182 3389 303 3477 ἠρίθμει
316 3395 412 3470 πάσας
425 3391 478 3471 τδις
491 3401 588 3479 χεῖρας
601 3420 618 3459 ο
606 3391 735 3482 ’κῆρυξ
750 3403 809 3460 τῶν
819 3419 849 3459 τε
858 3395 1007 3479 προτέρων
1019 3391 1070 3454 καὶ
