2408 3764
472 225 725 292 ΑΞΙΟΧΟΣ-
1021 228 1082 294 185

74 390 168 480 ίφ’”
148 414 224 461 οσια
240 386 452 478 παρακαλῶν.
474 386 682 473 ἐπειγόμεθα
696 385 727 453 δ’
747 381 826 456 οὖν·
846 395 878 458 εί
893 387 959 478 γάρ
976 390 1083 472 οὕτως

75 488 189 579 ἔχει,’
167 490 333 577 ακότητος
344 494 401 556 δελ.

158 595 229 658 ΚΛ.
248 589 506 673 Ὀφθέντοςσου
517 580 635 669 μόνον,
649 574 873 669 ιδΣεόκρατες,
885 589 1008 672 δαίσει
1026 588 1082 656 καὶ

73 688 138 774 γὰρ
150 685 213 773 ήδη
225 683 382 762 πολλάκις
393 681 484 772 πάτῳ
472 685 612 767 ’γέγονε
623 681 865 766 συμπτώματος
881 682 1081 773 άνασφήλαι.
1095 704 1117 754 Ι)

157 788 196 850 11.
217 789 292 850 ΣΩ.
310 779 366 859 ὣς
386 783 423 848 δὲ
444 786 572 847 θάττον
587 776 650 865 τήν
666 775 757 865 παρά
773 777 810 846 αδ
833 781 978 865 τεσηος”
955 808 1080 871 ηειμεν,

72 897 143 961 ταῖς
161 878 316 957 Ἰτανίαις
326 918 370 930 -
379 882 522 963 πλησίον
537 873 602 963 γάρ
617 873 696 966 ᾤκει
711 884 781 944 τοδν
798 884 925 965 πυλοίν,
944 880 1026 967 πρὸς
1040 890 1081 970 τῇ
1097 902 1151 959 365

67 977 254 1066 Ἀμαζονίδι
265 977 368 1063 στήλη
376 1012 419 1029 -
429 975 727 1062 καταλαμβάνομεν
737 972 843 1044 αὐτὸν
852 974 917 1063 ἤδη
929 982 989 1063 μὲν
998 996 1082 1046 σνν-

72 1079 264 1161 ειλεγμένον
283 1070 341 1152 τάς
364 1069 453 1159 ἁφάς
468 1076 523 1141 καί
539 1080 588 1164 τῷ
603 1074 732 1159 σάματι
753 1076 936 1160 ῥωμαλέον,
954 1073 1084 1163 άσθενή

74 1176 110 1241 δὲ
121 1171 184 1259 τήν
195 1170 315 1258 ψυχήν,
327 1171 419 1237 πάνυ
429 1173 527 1238 ἐνδεᾶ
538 1177 763 1257 παραμυθίας,
776 1172 936 1250 πολλάκις
947 1170 978 1239 δ’
997 1170 1081 1240 άνα-

71 1272 260 1356 φερόμενον
270 1271 326 1336 καί
336 1267 542 1355 στεναγμοὺς
553 1271 644 1337 ίέντα
654 1267 719 1337 σάν
730 1262 888 1356 δακρύοις
898 1269 1082 1357 καίκροτή

72 1387 144 1435 σεσι
153 1374 282 1453 χειροῖν.
303 1365 448 1434 κατιδών
463 1364 499 1434 δδ
509 1363 624 1451 αὐτόν,
643 1364 776 1453 Ἀξίοχε,
791 1376 824 1436 τί
838 1376 960 1452 ταῦτας
978 1374 1079 1456 ἔφην·

70 1470 138 1534 ποῦ
150 1463 191 1532 τά
208 1464 361 1548 πρόσθεν
374 1460 544 1551 αὐχήματα
561 1467 616 1532 καί
634 1469 671 1532 αί
684 1479 832 1553 συνεχεῖς
848 1464 996 1553 εὐλογίαι
1010 1474 1081 1536 τοῖν

70 1561 198 1648 άρετοίν
209 1564 266 1631 καὶ
275 1558 312 1630 τό
325 1557 472 1649 Ιάρρατον
481 1565 519 1630 ἐν
529 1564 583 1632 σοί
597 1563 741 1650 θάρσος;
759 1561 878 1650 άςγάρ
895 1563 1080 1651 ἀγωνιστής
1135 1632 1144 1642 ,

70 1660 186 1746 δειλός,
199 1663 236 1730 ἐν
245 1674 314 1740 τοῖς
323 1668 518 1747 γυμνασίοις
525 1675 677 1746 γενναῖος
687 1662 899 1749 φαινόμενος,
909 1661 1079 1732 ὑπολέλοι-

68 1783 132 1838 πας
143 1761 180 1826 ἐν
190 1770 257 1837 τοίς
267 1757 394 1838 ἄθλοις.
419 1755 481 1826 οὐκ
493 1760 718 1846 ἐπιλογιεῖτήν
730 1760 836 1846 φάσιν
846 1765 1074 1848 περιεσκεμμέί
1092 1786 1113 1836 B

69 1884 146 1943 νιος,
156 1856 245 1944 δνήρ
256 1858 395 1926 τοσόσδε
405 1864 453 1946 τῷ
463 1857 573 1948 χρόνῳ
590 1860 646 1926 καί
661 1857 824 1945 κατήκοος
838 1859 948 1945 λόγων
964 1868 1030 1943 καί,
1049 1865 1080 1927 εί

68 1959 173 2042 μηδὲν
183 1956 308 2040 ἕτερον,
317 1953 503 2042 Ἀθηναῖος,
516 1953 577 2040 ότι,
588 1953 626 2024 τό
637 1953 755 2023 κοινόν
766 1953 807 2042 δή
818 1962 917 2023 τοῦτο
928 1958 984 2024 καί
994 1953 1079 2041 πρός

68 2053 204 2122 πάντων
216 2054 465 2142 θρυλούμενον,
478 2058 701 2141 παρεπιδημία
716 2060 765 2133 τίς
781 2055 870 2121 ἐστιν
887 2051 905 2120 ὁ
922 2060 1005 2141 βίος,
1022 2056 1104 2122 κάλ’
1155 2048 1160 2066 “’

69 2151 119 2219 ὅτι
136 2156 188 2218 δεῖ
206 2152 373 2218 *τοῦτον*
390 2153 538 2230 ἐπιεικῶς
555 2151 774 2238 διαγαγόντας
791 2146 949 2236 εάθόμοος
969 2151 1078 2237 μόνον

70 2245 143 2331 οὐχὶ
153 2254 384 2330 παιανίζοντας
403 2246 494 2327 εἰς’
460 2274 498 2316 το
512 2275 619 2336 χρεοιυ
636 2248 783 2327 άπιίναι;
775 2274 836 2316 ·το
824 2247 949 2318 δὲ”
906 2274 995 2316 ουτω
1011 2273 1077 2335 μα-

35 2434 39 2441 ·
68 2350 178 2422 λακιδς
193 2348 248 2414 καί
266 2349 549 2428 δυσαποσπάστως
570 2354 657 2435 ἔχειν
677 2354 799 2438 νηπίου
822 2351 920 2434 δίκην
937 2345 979 2414 οά
1001 2349 1078 2436 περὶ

68 2448 266 2526 φρονοῦσαν
278 2441 411 2529 ήλικίαν
424 2449 520 2514 ἐστίν.

153 2543 220 2614 ΑΞ
238 2539 361 2628 Αληθη
372 2567 486 2629 ταυτα,
499 2536 724 2632 ωΣοίκρατες,
740 2548 795 2614 καί
806 2543 918 2632 όρθως
929 2570 985 2630 μοι
995 2548 1076 2629 φαί
1095 2561 1114 2612 c

68 2664 119 2706 νει
129 2638 254 2724 λεγοαν·
276 2635 351 2706 ἀλλ’
364 2666 426 2708 ουκ
437 2641 534 2709 οἶδ
514 2667 603 2723 οπως
612 2641 693 2728 zap*
707 2641 837 2720 αάτὸτδ
850 2641 1076 2726 δεινὸνγευο-

35 2758 41 2769 ’
67 2740 155 2826 μένῳ
167 2739 204 2804 οί
213 2732 503 2823 μὲνκαρτεροὶκαί
516 2743 659 2823 περιττοί
670 2740 763 2826 λόγοι
780 2736 1004 2807 ὑπεκπνίουσι
1019 2744 1076 2805 λε·-

67 2833 220 2922 ληθότοις
236 2837 293 2903 καὶ
307 2833 528 2924 ἀτιμάζονται,
545 2837 690 2923 άντίσηει
709 2837 745 2905 δδ
767 2841 840 2916 δέος
858 2854 901 2922 τι,
920 2841 1076 2914 ποικίλοις

67 2933 290 3019 περιαμάττον
308 2931 368 3002 τὸν
384 2940 481 3020 νοῦν,
502 2940 534 3004 εί
548 2935 748 3023 στερήσομαι
764 2937 865 3003 τοῦδε
881 2940 943 3002 τοῦ
963 2930 1074 3020 φωτός

66 3032 198 3100 καίτοῐν
208 3027 359 3119 άγαθοδν,
371 3028 484 3121 άειδής
501 3033 536 3104 δὲ
552 3035 609 3103 καὶ
625 3032 772 3126 άπυστος
789 3030 947 3102 ὁποίποτε
963 3036 1073 3099 κείσο-

65 3152 124 3214 μαι
135 3128 494 3216 σηπόμενος,είς”εόλάς
505 3134 560 3200 καὶ
576 3132 732 3201 κνώδαλα
747 3131 971 3220 μεταβάλλων.

149 3228 201 3290 111.
222 3230 298 3294 ΣΩ.
319 3228 506 3311 Συνάπτεις
514 3231 590 3319 γάρ,
602 3224 629 3298 ιό
643 3228 773 3319 Ἀξίοχε,
785 3228 875 3315 παρά
888 3229 950 3318 τήν
960 3228 1069 3298 ἄνεπι-
1085 3256 1107 3305 D

63 3320 512 3417 στασίανάνεπιλογίστοιςτή
521 3326 966 3422 άναισθησίμαίσθησιν,καδ
976 3350 1072 3399 σεαυ-

1059 3414 1119 3528 Ι
