2408 3764
130 192 174 257 22
437 246 443 267 ,
477 193 742 253 ΕΠΙΣΤΟΛΗ
761 185 791 265 ζ’.
920 237 924 245 .

133 356 245 434 πόλεις
255 352 454 436 τυραννίδας
465 352 565 420 τεκαὶ
578 347 764 438 ὀλιγαρχίας
775 353 829 422 καὶ
841 357 1061 441 δημοκοπίας
1076 383 1136 445 με-

132 450 360 539 ταβαλλούσας
377 451 539 536 μηδέποτε
557 448 827 536 λήγειν,“διιιαίου
840 451 885 520 ’δέ
901 454 957 521 καί
973 456 1136 541 ίσονόμου

132 553 293 627 πολιτείας
304 544 382 625 τοὺς
392 549 430 614 έν
441 543 907 634 αύτατςδυναστεύονταςμηδ
922 548 1028 636 ὄνομα
1037 550 1136 622 ἄκου’·

132 671 229 726 οντας
241 644 425 730 όνίχεσθαι.
445 651 549 712 ταῦτα
560 644 601 731 δὴ
617 644 779 728 πρδςτολς
790 646 919 731 πρόσθε
937 652 1136 738 διανοούμε-

106 769 190 823 νος
199 748 245 822 είς
258 741 480 862 Συρακούσας
496 744 731 830 διεπορεύθην,
751 753 829 822 ίσως
845 743 907 831 μὲν
921 745 1005 815 κατὰ
1020 749 1135 837 τύχην,

96 845 217 914 Εέοικε
235 836 304 926 μὴν
317 839 392 909 τότε
402 843 628 929 μηχανωμένω
646 844 711 909 τινί
725 849 794 910 τῶν
810 842 1012 929 κρειττόνων
1028 842 1136 934 ἀρχὴν

131 938 296 1058 βαλέσθαι
306 943 373 1005 τολν
384 942 449 1004 νῦν
460 935 648 1020 γεγονότων
658 936 859 1024 πραγμάτων
869 941 944 1021 περὶ
953 933 1071 1009 Διυυα
1080 948 1135 1011 καὶ

130 1044 200 1106 τοῖν
210 1037 286 1123 περὶ
296 1033 533 1122 Συρακούσας·
555 1036 628 1113 δέος
638 1038 685 1119 δέ,
697 1064 741 1123 μη
731 1037 809 1105 καὶ
825 1035 988 1106 πλειόνων
1004 1041 1061 1123 ἔτι,
1073 1038 1134 1107 666

131 1133 176 1223 μὴ
188 1141 254 1202 νῦν
263 1130 358 1219 ὑμεῖς
368 1133 439 1217 ἐμοὶ
456 1138 621 1218 πείθησθε
638 1158 675 1200 το
664 1133 846 1217 δεύτερον
861 1136 1131 1224 συμβουλεύοντι.

132 1241 202 1313 ταῖς
219 1224 283 1300 ούν
299 1228 339 1316 66
357 1231 442 1315 λέγω
459 1228 596 1298 πόντων
614 1226 718 1318 ἀρχὴν
733 1237 905 1317 γεγονέναι
922 1232 984 1320 τὴν
1000 1234 1075 1303 τότε
1091 1240 1135 1313 είς

64 1353 115 1412 327
133 1333 292 1400 Σικελίαν
301 1324 385 1414 ἐμὴν
395 1326 524 1412 ἄφιξιυς
541 1326 606 1412 έγοδ
619 1329 862 1417 συγγενόμενος
870 1339 976 1399 Δίωνι
986 1331 1060 1399 τότε
1071 1334 1135 1421 νέῳ

133 1424 331 1509 κινδυνεύω,
347 1422 388 1492 τὰ
404 1427 570 1494 δοκοῦντα
586 1428 658 1514 ἐμοί
674 1430 825 1513 βέλτιστα
842 1427 1033 1515 α’νθριόποις
1050 1427 1136 1496 εἶναι

133 1523 271 1611 μηνύων
282 1520 453 1609 διαλόγων
462 1523 679 1609 καὶπρόττειν
689 1523 773 1593 αύτδι
783 1522 1135 1613 ξυμβουλεύων,όγνο-

75 1664 78 1672 ·
134 1636 183 1690 εῖν
195 1618 246 1690 ὅτι
262 1625 461 1706 τυραννίδος
476 1619 550 1690 τινὰ
563 1622 689 1707 τρόπον
704 1624 887 1694 κατάλυσιν
902 1626 1062 1713 ἐσομένην
1073 1651 1137 1711 μη-

132 1718 323 1807 χανώμενος
339 1717 530 1789 έλοῖνθανον
543 1723 697 1807 ἐμαυτόν.
732 1729 827 1792 Δίων
843 1720 980 1808 μὲνγὰρ
999 1723 1040 1808 δη
1056 1720 1133 1810 μόλ’

133 1814 283 1903 εὐμαθὴς
294 1813 343 1886 66
354 1817 438 1904 πρός
449 1844 484 1886 τε
502 1811 603 1886 τᾶλλα
620 1823 675 1888 καὶ
691 1818 775 1904 πρὸς
790 1818 869 1899 τούς
885 1817 1035 1888 τότε-ὑπ’
1055 1824 1136 1906 ἐμοῦ

133 1915 254 2002 λόγους
270 1919 470 2003 λεγομένους
487 1913 593 1995 οὕτως
614 1914 712 1997 ὀξέως
733 1914 904 2005 ὑπήκουσε
917 1921 973 1986 καί
992 1917 1135 2002 σφόδρα,

96 2032 116 2085 Β
134 2012 177 2095 ὥς
190 2013 300 2094 οὐδεὶς
310 2014 445 2084 πύποτε
456 2007 506 2082 οδν
516 2013 579 2100 ἐγώ
592 2019 797 2108 προσέτυχον
806 2020 904 2102 νέων,
916 2018 971 2083 καὶ
987 2016 1049 2083 τόν
1065 2019 1137 2084 ἐστί’

132 2123 249 2186 λοιπον
261 2120 336 2202 βίον
346 2119 406 2201 ζῇν
421 2111 565 2201 ἠθέλησε
582 2113 807 2200 διαφερόντως
822 2122 890 2181 τοῖν
906 2120 1039 2180 πολλῶν
1055 2111 1138 2179 'Ita‘

132 2220 262 2283 λιωταῖν
273 2237 309 2281 τε
324 2212 379 2280 καί
389 2217 609 2294 Σικελιωτῶν,
623 2208 745 2296 οἷρετηυ
756 2210 831 2294 περί
848 2216 999 2282 πλείονος
1012 2204 1136 2292 ἡδονῆς

132 2319 189 2396 τῆς
199 2335 234 2378 τε
244 2308 346 2396 ἄλλης
357 2317 486 2395 τρυφῆς
495 2307 687 2395 ἠγαπηκώς·
710 2305 795 2374 ὅθεν
809 2306 1052 2390 ἐπαχθέστερον
1066 2319 1136 2384 τοῖς

133 2405 258 2486 περὶτὰ
268 2406 452 2492 τυραννικοὶ
465 2403 587 2489 νόμιμα
598 2409 698 2482 ζῶσιν
707 2404 785 2489 ἐβίω
796 2403 889 2487 μέχρι
904 2408 967 2469 τού
981 2402 1135 2473 θανάτου

132 2508 194 2569 τού
205 2503 281 2586 περὶ
293 2502 480 2570 Διονύσιον
494 2503 686 2585 γενομένου.
708 2497 789 2586 μετὰ
804 2501 841 2568 δὲ
857 2508 956 2569 τοῦτο
973 2500 1134 2588 διενοήθη

133 2598 177 2687 μὴ
191 2598 299 2687 μόνον
309 2600 346 2667 ἐν
357 2595 450 2687 αύτῷ
459 2593 534 2664 ποτ’
546 2591 590 2664 66
598 2599 756 2682 γενέσθαι
766 2596 891 2685 ταύτην
900 2597 962 2686 τὴν
974 2599 1136 2684 διάνοιαν,

99 2695 178 2786 σῆν
188 2692 366 2777 αύτδςύιιό
378 2703 446 2763 τοῖν
463 2693 581 2782 όρθοίν
597 2694 708 2781 λόγων
723 2701 827 2784 ἔσχεν,
846 2693 1084 2784 ἐγγιγνόμένην
1102 2693 1134 2762 δ’

134 2795 240 2884 αύτην
256 2796 312 2864 καί
327 2796 365 2863 ἐν
382 2791 526 2873 ἄλλοις
511 2801 602 2880 0066
619 2794 780 2880 κατενόει,
798 2804 933 2873 πολλοῖς
949 2793 1010 2880 μεν
1020 2791 1071 2878 06,
1082 2819 1136 2878 γι-

133 2891 343 2982 γνομέυηνδ’
354 2886 418 2963 ούν
429 2885 612 2981 έντισιν,
583 2921 634 2962 ων
643 2897 698 2963 καί
714 2895 900 2964 Διονύσιον
914 2890 1061 2989 ἡγήσατο
1078 2916 1138 2959 ενα

133 2997 291 3080 γενέσθαι
311 2991 384 3080 τόγ’
403 2989 447 3063 66
464 2994 765 3116 ξυλλαμβανόντων
781 2997 886 3077 θεων,
903 3015 1086 3077 γενομενου
1102 2987 1136 3057 δ

96 3140 100 3149 -
134 3085 179 3159 αὖ
195 3097 257 3159 τοῦ
270 3091 424 3160 τοιούτου
443 3093 505 3162 τόν
516 3120 552 3162 τε
565 3092 670 3162 αύτου
656 3098 763 3179 βίον
783 3088 888 3159 καί
855 3116 914 3159 τον
936 3097 1005 3158 τοῖν
1025 3087 1138 3158 ἄλλων

105 3234 107 3241 ·
133 3188 414 3274 Συρακουσίων’
393 3188 564 3278 αμήχανον
574 3186 617 3259 όν
632 3189 846 3277 μακαριότητι
857 3193 1022 3275 ξυμβῆναι
1037 3187 1138 3271 γευό-

133 3311 245 3374 μενον
268 3287 355 3375 πρὸς
366 3287 407 3375 δὴ
418 3288 548 3368 τούτοις
559 3285 655 3379 6666
667 3291 764 3357 δεῑνέ
764 3314 784 3355 κ
801 3283 925 3364 παντός
943 3283 1073 3369 τρόπου
1090 3289 1136 3362 είς

134 3384 394 3474 Συρακούσας“
374 3412 391 3453 ο
413 3412 444 3454 τι
459 3383 592 3472 τάχιστα
607 3389 719 3456 ἐλθεῖν
739 3384 794 3471 έμε
810 3378 977 3452 κοινωνόν
995 3382 1137 3466 τούτων,
