2408 3764
485 166 714 278 ιειοκοε.
1044 216 1107 283 εει

98 369 238 457 χήματα,
249 370 289 439 τά
300 372 361 458 μὲν
373 377 526 458 διμοίρου
536 375 717 459 ἐωνημένα,
728 374 768 443 τοὶ
779 381 815 445 δὲ
827 382 923 447 δυοῖν
935 383 1107 464 δραχμαλν,

99 471 140 536 τά
153 471 189 536 δὲ
204 469 459 555 τετραδράχμον.
483 484 604 555 προῖκα
621 468 686 554 γὰρ
704 468 791 558 ἀνὴρ
807 466 906 554 οὗτος
921 475 1045 543 οὐδένα
1056 481 1108 545 δι·

99 568 224 653 δάσκει,
237 567 290 635 διά
302 567 426 658 παντὸς
437 568 473 636 δέ
482 573 562 647 ἔθος
573 570 661 635 ἐστίν
672 566 764 657 αὐτῷ
775 586 900 654 φωνεῖν
909 571 946 641 τὰ
956 571 1108 661 Ἐπιχάρ-

98 691 207 751 μειον·
219 664 240 732 ά
251 669 288 734 δέ
298 668 368 752 χεὶρ
382 664 444 733 τάν
459 681 553 752 χεῖρα
562 671 658 745 νίζει·
669 666 728 745 δός
741 692 773 733 τι
781 671 836 735 καὶ
846 671 960 755 λάβοις
969 680 1004 741 τί
1017 678 1104 743 *καῖ

97 766 153 831 καὶ
163 764 281 850 πρώην
293 770 378 848 γοῦν
388 763 479 847 παρὰ
495 769 624 850 Καλλίᾳ
641 770 687 851 τῷ
705 760 895 833 Ἱππονίκου
908 772 1107 858 ποιούμενος

95 866 251 941 ἐπίδειξιν
262 862 381 931 τοσάδε
392 867 454 928 τοῦ
466 867 525 947 ζῇν
535 873 699 946 κατεῖπεν,
717 861 803 930 ὥστε
817 867 920 949 ἔγωγε
937 868 998 950 μὲν
1015 871 1105 956 παρὰ

96 958 206 1077 ἀκαρη
194 957 437 1051 διέμραψα
404 985 464 1026 τον
482 966 567 1046 βίον,
583 962 687 1041 καὶέξ
704 964 835 1029 ἐκείνου
850 970 984 1051 θανατᾷ
999 991 1064 1050 μου
1084 964 1105 1053 ἡ

97 1056 217 1153 κακά’
212 1064 338 1143 Αξίοιε

182 1159 251 1232 ΑΞ.
278 1162 359 1222 Τινα
370 1147 439 1224 δὲ
416 1182 460 1241 ην
472 1182 511 1223 τα
501 1153 698 1243 λεχθέντα

182 1259 217 1321 V.
238 1260 314 1322 Σίδ.
337 1253 540 1339 Φράσαιμι”
518 1281 561 1322 αν
572 1273 626 1321 σοι
640 1261 746 1323 ταῦτα
761 1254 1027 1345 ἀμυημονεόσω.
1042 1262 1145 1345 ἔφηΙ)

97 1351 173 1438 γάρ,
189 1359 230 1421 Τί
237 1357 336 1438 μέρος
346 1378 404 1440 της
413 1348 574 1437 ηλικίας
551 1377 692 1439 αμοιρον
701 1380 770 1424 τιον
780 1354 945 1442 ἀνιαρῶνς
962 1354 1005 1424 οὐ
1022 1354 1105 1425 κατά

95 1454 157 1537 μὲν
172 1451 233 1537 τήν
254 1451 391 1537 τρεέτην
411 1455 542 1535 γένεσιν
558 1449 595 1518 τό
617 1451 740 1537 νήπιον
758 1461 874 1541 κλαίει,
884 1464 946 1524 τοῦ
963 1462 1021 1544 ζῇν
1039 1451 1105 1524 ἀπὸ

94 1549 201 1634 λύπης
211 1547 411 1635 ἀρχόμενον;
431 1545 474 1617 οά
484 1554 628 1617 λείπεται
638 1559 725 1633 γοῦν
741 1551 899 1639 οὐδεμιᾶς
910 1551 1104 1640 ἀλγηδόνος,

94 1645 168 1714 ἀλλ’
180 1642 202 1733 ἢ
213 1645 256 1715 δι’
270 1653 402 1716 ἔνδειαν
413 1644 436 1734 ἢ
453 1647 664 1734 περινυγμόν
675 1644 838 1734 ἢθάλπος
848 1647 870 1737 ἢ
881 1649 1013 1738 πληγὴν
1023 1649 1105 1720 όδν-

93 1753 202 1830 νάται,
214 1753 354 1832 λαλῆσαι
364 1746 425 1832 μὲν
441 1745 537 1813 οὔπω
549 1745 774 1832 δυνάμενουά
787 1750 916 1835 πάσχει,
926 1757 1105 1834 κλαυθμυ-

94 1843 265 1930 ριζόμενον
277 1849 314 1913 δὲ
320 1849 376 1913 καὶ
383 1844 508 1932 ταύτην
519 1853 577 1930 της
588 1846 859 1930 δυσαρεστήσεως
866 1854 946 1931 μίαν
954 1851 1030 1930 έχον
1037 1871 1104 1930 φω-

95 1941 167 2026 νην.
179 1938 305 2012 ὁπόταν
313 1944 348 2012 δὲ
356 1941 468 2028 είςτὴν
480 1943 652 2010 ἑπταετίαν
659 1941 817 2028 ἀφίκηται
827 1942 972 2022 πολλοὺς
978 1941 1105 2023 πόνους

94 2032 1138 2128 διαντλῆσαυ,*ε’πε’στησαν*παιδαγωγοὶκαὶγραμματισταὶκαὶΕ
1188 2116 1192 2123 ¹

93 2143 304 2227 παιδοτρίβαι
314 2146 574 2225 τυραννοῦντες·
595 2139 781 2226 αὐξομένου
799 2141 835 2209 δέ
852 2147 1002 2225 κριτικοί,
1019 2166 1104 2224 γεω-

92 2242 218 2325 μέτραι,
237 2245 393 2326 τακτικοί,
405 2237 635 2325 πολὺπλῆθος
652 2245 832 2308 δεσποτῶν.
856 2239 991 2309 ἐπειδάν
1006 2239 1042 2307 δὲ
1059 2245 1104 2319 είς

93 2333 172 2414 τοὺς
180 2337 325 2422 ἐφήβους
335 2341 497 2426 ἐγγραφῇ,
505 2341 733 2426 κοσμητηςκαί
741 2338 846 2427 φόβος
855 2343 1103 2425 χείρων,έπειτα

92 2433 240 2501 Λύκειον
250 2439 305 2502 καὶ
317 2434 496 2524 Ἀκαδημία
512 2441 567 2506 καὶ
584 2445 828 2525 γυμνασιαρχία
844 2441 900 2507 καὶ
916 2438 1034 2527 ῥάβδοι
1047 2439 1103 2506 καὶ
1118 2448 1170 2503 367

92 2556 207 2598 κακων
219 2529 383 2617 ἀμετρίαι·
405 2539 461 2604 καί
472 2543 536 2616 πάς
547 2533 564 2603 ὁ
576 2563 637 2605 τον
624 2545 866 2624 μειρακίσκου
882 2539 1003 2625 χρόνος
1014 2539 1102 2605 ἐστίν

91 2628 158 2698 υπὸ
173 2629 403 2714 σωφρονιστάς
420 2633 528 2701 καὶ
492 2660 553 2719 την
571 2637 623 2702 ἐπὶ
641 2661 720 2715 τους
737 2640 840 2716 νέους
851 2641 980 2719 αίρεσιν
993 2643 1053 2719 τῆς
1070 2636 1103 2712 ἐξ

87 2714 218 2812 Ἀρείου
229 2727 340 2812 πάγου
350 2735 482 2816 βουλῆς.
494 2733 670 2801 ἐπειδάνδὲ
681 2732 840 2820 ἀπολυθῇ
849 2735 1103 2816 τούτων,φρον-

94 2827 223 2905 τίδες”
201 2851 360 2911 αντικρυς
376 2824 549 2896 ὑπέδυσαν
565 2832 621 2897 καὶ
636 2835 852 2916 διαλογισμοί,
870 2837 945 2897 τίνα
962 2854 1025 2915 την
1041 2834 1102 2896 τοῦ

65 2982 69 2989 .
92 2931 168 3011 βιου
178 2921 260 2992 οδον
270 2926 473 3013 ένστησεται,
484 2927 540 2995 καὶ
551 2941 618 3006 τοις
629 2926 770 3014 υστερον
780 2938 933 3014 χαλεποις
944 2925 1098 3014 ἐφάνη
1062 2952 1102 2993 τα

93 3032 206 3108 πρῶτα
223 3023 360 3092 παιδικά
377 3027 434 3094 καὶ
449 3028 579 3112 νηπίων
599 3022 643 3106 ἀς
659 3023 977 3113 ἀληδοίςφόβητρα·
1000 3043 1102 3109 στρα-

91 3127 221 3189 vocatas
230 3121 295 3209 γάρ
305 3125 361 3191 καί
376 3125 549 3210 τραύματα
564 3126 620 3193 καὶ
633 3137 781 3210 συνεχεῖς
796 3123 930 3210 ἀγῶνες.
954 3121 1022 3191 εἶτα
1040 3131 1101 3190 λα·
1120 3130 1140 3180 Β

91 3218 138 3309 δέ
179 3217 188 3243 ‘
225 3221 355 3315 ’λδητδ
389 3230 417 3287 .”
505 3220 587 3317 είςδ
607 3231 676 3290 πᾶν
697 3237 817 3310 συρρεῖ
832 3222 869 3290 τό
891 3231 949 3308 τῆς
967 3221 1101 3307 φάσεως

57 3342 60 3347 ·
75 3324 82 3331 ’
321 3352 326 3361 ·
600 3327 704 3410 μήτις
718 3331 844 3391 θάττον
858 3319 901 3401 ἀς
911 3321 1005 3407 χρέος
1015 3317 1100 3388 ἀπο-
