2408 3764
129 188 192 257 104
497 189 772 251 AAKINOOY
1094 194 1130 253 w

129 353 201 421 ὥστε
221 348 320 420 33³¹
298 378 339 416 33
352 356 387 416 αλ
397 352 484 417 ἰδέαι.
512 345 591 415 όλλδι
608 345 669 434 μὴν
685 354 737 417 καί
757 355 784 417 εἰ
803 358 874 427 νοῦς
895 352 1029 435 διαφέρει
1044 349 1130 456 δόξης

127 434 277 522 εἰληθοῦς,
293 430 386 501 καί
357 460 389 500 το
404 429 510 518 νοητδν
525 425 565 519 ἦν
578 461 631 500 τον
618 440 788 540 δοξαστοῦ
803 436 962 538 διαφέρον·
976 439 1003 499 εί
1015 436 1049 501 δὲ
1063 442 1130 501 τοῦ·

127 548 175 600 το,
197 526 257 587 έστι
255 540 368 625 νοητα
356 516 472 605 ἕτερα
492 527 551 584 τῶν
571 524 734 597 δοξαστοῖν·
755 517 827 585 όόστε
845 513 925 601 3'3'¹
905 546 944 583 33
963 521 1015 583 και
1028 527 1131 623 προῖκα

128 603 228 713 νρητό,
244 600 284 683 όις
298 606 349 669 καί
361 628 465 707 προιτα
479 602 625 709 3333333·
640 608 667 669 εἰ
678 605 710 668 δέ
723 611 817 682 τοῦτο,
832 605 907 669 εἰσίν
921 607 955 667 αἰ
967 604 1062 669 ἰδέαι·
1077 598 1130 669 33-

128 689 167 754 λδ
179 684 241 771 333
255 690 388 796 διαφέρει
401 688 472 764 νοῦς
486 685 572 772 δόξης
586 682 739 793 όληθοῦς·
755 685 827 753 3333
840 683 933 836 εἰενέἈ
912 714 952 751 αν
965 691 1000 790 αἰ
1014 690 1102 753 ἰδέαι.

210 781 247 837 X
263 769 349 855 Ἑξῆς
368 774 401 838 33
420 774 487 882 περὶ
506 779 559 856 τῆς
578 782 675 880 τρίτης
695 767 787 858 ἀρχῆς
807 773 910 876 πριητέ
909 797 944 837 ον
958 767 1011 836 τὸν
1032 768 1130 857 λόγον,

126 853 352 1046 3333333
276 854 723 1047 333233'2335332
730 853 1131 1044 33333333333

128 1023 194 1092 οῦτε
213 1020 391 1108 αἰσθνμδι’
362 1023 428 1089 οότε
447 1021 585 1104 μετοῦσια
598 1033 657 1090 τοῖν
672 1030 839 1130 αἰσθητῶν,
860 1019 935 1089 ἆλλδι
948 1020 1074 1110 προίτοιν
1088 1050 1130 1089 τι·

126 1117 189 1177 333
203 1116 262 1175 τοῖν
277 1115 404 1216 νοητοῖν,
419 1104 708 1217 έστιπροῖτανοητδι
721 1105 816 1186 διπλοῖ,
839 1108 878 1185 ὡς
891 1110 943 1173 καί
961 1115 1065 1213 33333
1085 1113 1129 1173 αί-

127 1192 240 1299 33333·
255 1188 368 1257 τόδ’
343 1192 525 1298 ηγοῦμενον,
543 1194 577 1257 τδ
593 1190 653 1276 όρα
667 1199 767 1276 λῆγον.
789 1191 947 1295 ἅνθρωποι
1003 1188 1102 1296 33‘'
1081 1218 1130 1258 ατι

126 1284 180 1343 τοῦ
193 1282 245 1358 τῆς
256 1276 424 1381 ριίσθηρεοος
436 1274 557 1353 πόθους
571 1273 824 1382 ἐμπιπλάμενοι,
808 1274 880 1341 ὥστε
893 1279 945 1381 333
1003 1274 1041 1342 ’τε
1051 1286 1130 1343 νοεῖν

127 1366 316 1445 προαιροῖντο
328 1353 360 1421 τὸ
375 1357 495 1440 νοητόν,
512 1359 678 1443 έμφανταζό
662 1388 768 1444 ομενον
783 1356 901 1466 ἔχειν
872 1387 905 1425 το
921 1358 1074 1468 αἰσθητόν,
1092 1358 1130 1437 33

128 1446 180 1508 καί
193 1444 317 1544 μέγεθος
337 1450 521 1544 33333330333
539 1447 590 1507 καί
611 1454 722 1547 σχῆμα
727 1449 778 1511 καί
798 1451 900 1532 χρῦμα
915 1446 1070 1523 πολλάκις,
1094 1440 1130 1511 οῦ

128 1531 271 1629 καθαρῶς
284 1519 321 1588 τδι
335 1520 427 1606 νοητὰ
441 1532 556 1627 νοοῦσι,
576 1530 644 1590 θεοὶ
657 1528 690 1592 33
704 1523 876 1613 σἰπηλλαγμέ
876 1557 934 1607 νας
946 1539 1007 1596 τῶν
1021 1535 1129 1611 αἰσθη·

127 1616 187 1673 τοῖν
201 1612 364 1693 εἰλικρινοῦς
384 1632 414 1672 τε
434 1603 523 1672 333’
505 1616 625 1716 ριμιηοῖς.
649 1612 711 1674 ἐπεὶ
732 1613 765 1675 δὲ
784 1620 882 1711 ψυχῆς
902 1622 973 1690 νοῦς
992 1610 1129 1717 νἰμείνοον,

128 1719 183 1758 νου
169 1693 230 1758 33
249 1718 302 1758 του
289 1695 351 1757 έν
365 1688 519 1774 δυνάμει
505 1720 522 1759 ο
536 1720 591 1758 κατ
595 1688 826 1806 '333333333'
782 1719 881 1758 παντο
902 1721 981 1760 νοων
997 1703 1050 1764 καὶ
1051 1694 1131 1803 ἰόμα

128 1781 181 1842 καὶ
200 1772 260 1855 σἰεί,
282 1776 388 1883 τοῦτον
410 1780 443 1843 33
460 1774 622 1844 καλλίων
609 1805 626 1844 ο
648 1782 739 1856 αἴτιος
757 1775 862 1843 τοῦτον
880 1781 932 1842 καὶ
950 1804 1020 1881 οπερ
1029 1810 1076 1857 ,33
1090 1785 1132 1847 33

127 1856 265 1968 ανντέριο
274 1888 388 1928 τουτοον
399 1857 572 1947 ῦφέστηκεν,
589 1858 704 1940 οῦτος
683 1890 722 1928 αν
733 1868 929 1946 ενηοπροοτος
940 1859 1021 1939 θεας
1040 1871 1133 1944 αἴτιος

125 1943 270 2052 ῦπόρχοον
280 1971 333 2013 σου
319 1941 390 2013 εἰεί
403 1951 570 2057 ένορμειν
540 1974 581 2013 τοο
595 1975 640 2038 νη)
650 1973 702 2012 του
716 1967 884 2055 συμπαντος
891 1949 1037 2053 ονρανοῦ.
1051 1950 1131 2057 έυερ-

127 2040 178 2115 νεῖ
194 2032 227 2097 33
245 2026 441 2139 33333333’
404 2034 492 2110 αυτδς
507 2029 550 2098 33
562 2013 628 2111 εἰς
618 2040 736 2112 τοῦτον,
758 2029 797 2110 εἰς
816 2028 900 2137 333‘
888 2030 1001 2115 οῆλιος
1020 2034 1108 2110 εἰς
1048 2059 1132 2140 την

127 2118 259 2224 όρασιν,
270 2112 342 2182 όταν
359 2112 441 2226 αότηῖ
452 2120 643 2225 προσβλέπῃ,
665 2121 717 2184 καί
736 2114 776 2195 ὡς
789 2112 822 2182 33
832 2113 961 2225 ὀρεκτὸν
982 2127 1062 2183 κινεῖ
1079 2144 1151 2202 την.

128 2202 226 2308 ὄρεξιν
234 2194 413 2307 οἰκίνητον,ε
396 2184 545 2289 υόιόρχον·
562 2229 638 2269 ουτω
648 2228 682 2287 γε
695 2198 733 2287 33
745 2193 846 2267 καί
809 2199 921 2304 ρυτοςὸ
935 2210 1006 2279 νοῦς
1015 2204 1131 2308 κινήσει

127 2283 179 2350 τὸν
192 2293 267 2351 νοῦν
280 2294 333 2351 τοῦ
347 2286 516 2391 σύμπαντος
529 2282 669 2391 οῦρανοῦ.
692 2287 754 2388 έπρί
768 2280 826 2349 33‘
813 2310 830 2350 ο
845 2294 959 2369 πρῶτος
973 2295 1045 2363 νοῦς
1058 2285 1129 2352 κόλ-

129 2376 240 2444 λιστος,
261 2375 310 2434 δεῖ
324 2374 376 2434 καί
389 2369 546 2436 κάλλιστον
565 2366 646 2435 3333
659 2364 780 2468 νοητὸν
779 2364 973 2448 ὑποκεῖσθαι,
997 2367 1084 2437 οῦδὲν
1099 2374 1130 2438 δέ

128 2445 223 2515 αῦκοῦ
242 2449 380 2516 κάλλιον·
408 2447 553 2519 3333*
532 2479 572 2516 33
597 2480 653 2517 ουν
673 2455 725 2516 καί
748 2446 786 2515 τοί
805 2453 911 2517 ἑαυτοῦ
932 2484 950 2519 3
988 2484 1066 2562 ματα
1085 2452 1129 2522 όεί

125 2537 220 2615 νοοίη,
237 2531 336 2598 καί“
285 2560 405 2637 αυτηη
392 2532 550 2643 ἐνέργεια
563 2533 655 2602 αῦτου
641 2535 760 2600 Ἰδέα
743 2533 877 2639 υπόρχει.
888 2540 940 2604 καὶ
950 2567 1010 2645 μην
1023 2537 1130 2637 3333-

128 2642 178 2725 3⁰⁶
190 2614 262 2695 θεὸς
275 2610 373 2696 όῖδιός
385 2619 507 2697 33333,''
486 2632 620 2704 αρρητος,
632 2614 788 2725 αυτοτελης
797 2624 945 2691 τουτέστιν
936 2620 1128 2730 ῦπροσδεης,

126 2696 258 2809 όειτελης
272 2706 420 2770 τουτέστιν
429 2698 477 2771 αεί
485 2707 599 2782 τέλειος
611 2699 754 2790 παντελης
763 2708 891 2772 τουτεστι
901 2706 997 2789 πάντη
1007 2707 1128 2783 τέλειος·

127 2784 263 2895 θειότης,
278 2782 428 2874 οῦσιότης,
446 2784 592 2896 3333333,
608 2795 776 2898 συμμετρία,
793 2783 920 2896 όιμριθόν.
941 2794 1013 2875 λέγω
1029 2786 1109 2854 δὲ’
1076 2818 1129 2876 ουχ

129 2868 207 2975 333
253 2898 296 2939 ον
316 2881 424 2953 ταῦτα,
445 2867 550 2941 ιίλλΗ
530 2902 571 2951 ος
584 2902 661 2941 κατα
680 2901 779 2943 ποντα
800 2872 865 2978 ἰνὸς
885 2878 1072 2979 νοονμένρυ.
1078 2881 1129 2942 καί

229 2960 310 3039 νμῦί
319 2960 388 3039 ἔδει,
400 2959 475 3027 διότι
483 2958 581 3025 πιόντα
590 2965 631 3038 εἰς
635 2959 769 3068 δόναμιυ
779 2952 926 3045 εὐεργετεῖ,
939 2954 1046 3035 παντὸς
1054 2954 1127 3046 ἆμα-

10 3036 15 3047 ’
127 3046 190 3105 333
204 3040 339 3146 αἰτιος”
315 3070 372 3109 ων·
389 3040 482 3110 καλου
494 3042 567 3126 δέ,
550 3072 594 3110 οτι
605 3070 698 3111 αυτου
709 3072 741 3111 το
752 3066 849 3127 σχημα
859 3048 960 3149 φησει
959 3041 1084 3110 τέλεόν’
1070 3069 1128 3112 εστι

47 3156 76 3165 ··
126 3124 181 3189 καί
194 3122 373 3233 αρ’μμετρον·
386 3122 569 3233 33333333,
587 3128 662 3194 διότι
676 3127 773 3233 πόσης
788 3130 929 3214 ἀληθείας
942 3123 1017 3214 όρχὴ
1032 3127 1127 3242 ῦπόρ-

127 3222 185 3291 χιι,
206 3206 247 3289 ὧς
261 3204 279 3275 3
292 3208 376 3295 ἥλιος
389 3207 499 3289 παντός
511 3211 625 3319 φωτός
621 3209 744 3319 πατὴρ
766 3218 828 3282 δέ’
813 3236 872 3281 εστι
891 3241 931 3319 την
918 3216 1081 3292 ”αἰτιος
1053 3243 1128 3282 ειναι
1162 3284 1168 3291 ,

126 3292 248 3363 πόντον
264 3298 317 3361 κοιλ
337 3306 457 3402 κοσμεῖν
476 3293 528 3363 τόν
555 3293 698 3406 οῦρόνιρν
717 3308 791 3366 νοῦν
811 3295 936 3402 καλιὴν
955 3297 1057 3401 ψυχὴν
1076 3309 1128 3406 τρῦ

58 3430 62 3475 ‚
126 3374 239 3465 κόσμου
259 3376 343 3469 πρός
350 3377 456 3449 ἔαυτόν
475 3386 526 3448 καί
544 3380 619 3469 κρδς
637 3379 690 3460 τοίς
711 3387 816 3450 έαυτοῦ
835 3381 960 3467 νοήσεις.
982 3383 1057 3450 κατὰ
1070 3383 1127 3470 γὰρ
