2408 3764
400 211 732 273 ΔΗΜΟΔΟΚΟΣ.
1034 209 1076 275 95

65 378 320 462 ψηφισαμένους
337 373 393 440 καὶ
408 368 468 439 τόν
478 370 769 458 ξυμβουλεύσαντα
780 367 872 457 ύμῖν,
882 374 958 457 περὶ
972 363 1020 440 ύν
1030 369 1074 441 ἀν
1092 388 1110 435 ο

65 478 273 560 ψηφίσησθε,
295 469 437 556 πότερον
457 479 526 538 ῖστε
546 468 614 537 ὅτι
634 473 725 536 ἔσται
738 459 781 536 ού
800 470 897 537 ἕνεκα
919 470 1075 556 πράετειυ

67 575 258 639 διανοεῖσθε
268 565 291 635 ἀ
303 569 526 653 ἐψηφίσασθε,
536 556 599 635 ούιι
617 575 728 651 οῖομαι
743 562 787 633 ἀν
804 575 908 653 φῆσαι
925 564 1021 653 ὑμεῖς.
1043 577 1076 638 τί

65 666 110 755 θ’,
123 674 155 735 ελ
162 669 305 754 γένοιτο,
317 656 361 732 ού
370 666 469 733 ἕνεκα
479 666 635 750 πράττειν
645 668 845 751 διανοεῖσθε,
858 674 927 733 ῖστε
937 665 989 733 ὅτι
999 673 1073 747 ξυν-

66 771 149 833 οίσει
162 772 263 833 τοῦτο
274 761 370 850 ῦμῖν;
393 763 580 831 οὐδὲτοῦτο
591 758 635 830 ἀν
652 768 758 847 φῆσαι
769 771 880 849 ολομαι
893 760 979 848 ὑμᾶς
993 762 1073 832 οῦδὲ

64 862 125 931 τὸν
145 860 416 949 ξυμβουλεύοντα
437 860 527 947 ύμῖν.
548 869 618 928 νοῦν
635 857 828 942 ἀνθρώπων
845 861 881 928 δὲ
896 867 970 929 τίνα
986 859 1074 930 ύπο-

64 962 394 1047 λαμβάνετε-εἰδέναι
413 986 445 1026 τι
464 957 609 1040 τούτους
637 967 671 1025 εῖ
686 984 735 1036 τις
756 936 1072 1046 προσέροιτο’ύμάς,

65 1055 259 1126 οὐδὲτοῦτο
272 1061 451 1143 ξυγχωρεῖν
468 1053 512 1124 ἀν
522 1066 633 1141 οἴομαι
646 1053 741 1141 ὑμᾶς.
754 1112 757 1117 .
770 1054 852 1122 ὅταν
865 1047 930 1122 ούν
947 1064 1024 1142 περί
1037 1084 1072 1125 τε

67 1147 117 1223 ύυ
129 1155 367 1240 ξυμβουλεύετε
384 1146 407 1241 ᾗ
424 1162 558 1222 τοιαῦτα
570 1148 624 1221 οἷα
640 1149 720 1239 ύμῖν
730 1151 774 1238 μὴ
786 1158 870 1238 δῆλα
884 1151 977 1235 εἶναι,
991 1157 1024 1220 οἳ
1036 1181 1071 1221 τε
1091 1171 1110 1217 ο

66 1251 284 1337 ψηφιζόμενοι
292 1256 348 1320 καὶ
359 1257 394 1320 οῖ
401 1251 684 1340 ξυμβουλεύοντες
694 1249 824 1334 ἀπειροι
834 1243 927 1334 εἰσιν,
939 1252 1073 1331 εἰκότως

67 1351 123 1416 καὶ
143 1345 234 1434 ὑμεῖς
245 1350 366 1435 φήσετε
383 1355 578 1435 ξυμπλπτειν
595 1347 743 1416 ἀπιστεῖν
760 1349 817 1416 καὶ
832 1340 1072 1434 μεταμέλεσθαι

72 1448 230 1526 πολλάκις
251 1446 362 1525 αὐτοῖς
383 1449 534 1533 καὶπερὶ
555 1439 604 1515 ἀν
625 1442 669 1514 ἀν
686 1447 999 1532 ξυμβουλεύσοινται
1017 1451 1073 1516 καὶ

67 1536 203 1628 περλοῖν
213 1539 257 1613 ἀν
267 1552 492 1632 ψηφίσωνται·
514 1558 582 1622 τοῖς
591 1541 730 1629 ἀγαθοῖς
741 1542 777 1611 δὲ
787 1551 922 1611 τοιαῦτα
933 1548 1072 1632 ξυμβαί-

68 1667 140 1711 νιιν
150 1640 193 1709 ού
203 1643 371 1728 προσήκει.
391 1653 481 1711 ῖσασι
490 1642 554 1728 γάρ
566 1643 706 1722 καὶπερὶ
718 1632 766 1707 ύν
775 1643 1070 1727 ξυμβουλεύουσιν,

68 1737 167 1806 ὁποῖά
187 1737 217 1807 τ’
244 1744 328 1825 ἐστί,
348 1742 404 1807 καὶ
428 1754 495 1817 τοῖς
515 1748 699 1808 πεισθεῖσιν
719 1735 832 1815 αὐτοῖς
860 1736 911 1805 ὅτι
931 1747 1071 1825 βεβαίως

66 1833 207 1922 ὑπάρχει
230 1828 279 1904 οἷν
300 1838 397 1905 ἕνεκα
418 1832 692 1922 ξυμβουλεύουσι,
714 1835 769 1900 καὶ
790 1831 840 1927 ὅφι
861 1834 939 1901 ούτε
959 1833 1071 1914 αὐτοῖς

66 1931 141 2003 οὕτε
152 1948 220 2012 τοῖς
228 1943 412 2003 πεισθεῖσιν
423 1931 535 2011 αύτοῖς
541 1931 673 2002 πώποτε
682 1928 903 2017 μεταμελήσει·
914 1935 990 2016 περὶ
998 1959 1067 2000 τοι-
1085 1948 1105 1996 Ε

68 2032 178 2100 ούτοιν
189 2025 253 2101 ούν
264 2038 367 2120 ἔγωγε
379 2032 458 2110 πούς
469 2040 555 2100 νοῦν
564 2036 698 2117 ἔχοντας
708 2031 946 2115 ξυμβουλεύειν
955 2029 1069 2111 ἀξιοῦν

66 2126 315 2218 ὑπελάμβανον,
337 2129 411 2200 ἀλλ’
434 2129 477 2198 ού
493 2131 568 2215 περὶ
582 2121 630 2197 οἷν
648 2127 691 2195 σῦ
707 2126 856 2207 ,κελεύεις
867 2155 907 2213 με
922 2135 1069 2216 ξυμβου-

66 2229 187 2297 λεύειν.
210 2229 273 2298 ἀπὸ
285 2233 346 2316 μὲν
356 2231 422 2319 γάρ
433 2235 491 2316 τῆς
502 2231 638 2297 ἐκείνων
648 2232 848 2312 ξυμβουλίας
858 2225 895 2293 τὸ
908 2231 999 2305 τέλος
1012 2224 1069 2294 εύ-

63 2332 172 2409 τυχία,
185 2321 249 2392 ἀπὸ
262 2326 297 2394 δὲ
307 2336 364 2415 τῆς
373 2328 502 2397 τούτων
513 2332 676 2412 φλυαρίας
688 2319 803 2410 ἀτυχία
813 2328 909 2393 ἐστίν.

152 2723 187 2782 V.
210 2716 447 2804 Παρεγενύμην
458 2719 489 2789 θ’
502 2721 672 2813 ἀνθρώπῳ
684 2724 749 2790 τινὶ
759 2727 979 2789 νουθετοῦντι
990 2721 1068 2786 ἑαυ-

55 2810 126 2885 ’τοῦ
138 2817 280 2902 ἑταῖρον,
293 2816 376 2885 διότι
382 2818 530 2886 ἐπέστενε
539 2828 584 2908 τῷ
596 2817 909 2908 κατηγοροῦντι-οῦκ
921 2817 1067 2896 ἀπούσας

65 2920 127 2981 τοῦ
138 2912 423 3000 ἀπολογουμένου,
431 2912 514 2985 ἀλλά
524 2916 631 3002 μόνου
641 2925 702 2986 τοῦ
712 2922 985 3002 κατηγοροῦντος.
998 2921 1066 2983 ἔλε·

65 3036 126 3096 γεν
137 3003 200 3079 οὖν
211 3009 254 3090 ὡς
266 3011 377 3099 δεινὸν
392 3019 528 3099 πρᾶγμα
537 3026 628 3081 ποιοῖ
634 3012 913 3101 καταγιγνώσκων
928 3019 990 3079 τοῦ
1005 3009 1068 3078 ἀν·

65 3107 224 3195 θρύπου,
253 3108 332 3177 οὔτε
353 3107 454 3190 αύπός
475 3104 742 3197 παραγενόμενος
767 3112 846 3180 ούτε
868 3119 937 3180 νῦν
958 3118 1066 3197 φίλων
1085 3127 1137 3185 383

67 3203 212 3284 ἀκούσας
222 3211 512 3295 παραγενομένων,
523 3204 572 3289 οἷς
582 3206 668 3289 εἰιιὸς
680 3203 723 3296 ἦν
735 3209 839 3289 οιύτόυ
849 3213 1004 3296 λέγουσιν
1012 3234 1068 3277 πι-

65 3305 206 3386 στεύειν,
217 3301 287 3373 ούά
300 3297 344 3372 αὖ
356 3302 553 3392 ἀμφοτέρων
566 3304 712 3387 ἀιιούσας
723 3306 810 3376 οὕτω
821 3315 991 3391 προπετοῦς
1002 3310 1066 3374 ε’πί-

66 3420 185 3469 στευσε
195 3407 241 3491 τῷ,
250 3411 504 3491 κατηγοροῦντι·
521 3409 650 3475 δίκαιον
659 3405 696 3475 ἀὲ
708 3403 862 3483 εἶναικαὶ
869 3411 932 3473 τοῦ
945 3401 1073 3493 ἀπολο-
