2408 3764
135 189 199 257 σιτ
231 175 240 192 “
548 188 738 247 ΣΧοΛιΑ
1092 196 1146 251 ιω

135 383 178 432 τις
189 353 252 421 οίόν
263 347 380 456 ἐστιν,
362 377 400 426 ως
411 344 456 414 ἆει
447 348 609 431 δρῶσα
577 373 613 411 τα
625 343 695 417 καθ’
709 343 867 432 ἑαντήν,”
846 377 880 454 η
877 346 917 425 ὡς
927 347 1145 453 πολνδροὶστεια

136 435 243 515 (πολλὰ
244 431 313 543 γὰρ
326 441 395 540 δρᾷ)
406 459 458 498 τον
446 432 553 513 ἄλφα
562 439 679 514 πλῆθος
689 429 880 537 δηλοῦντος’
861 460 899 508 ως
911 435 1005 497 ἐπὶ
969 459 1021 513 της
1033 427 1144 511 ἆξύλον

134 522 216 626 ὅλης.
237 548 256 603 η
244 514 347 585 ‘55’
311 545 385 602 αντη
374 515 446 582 καλ
457 519 583 622 Νέμεσις
594 512 736 619 λέγεται’
717 512 776 582 απὸ
786 525 839 599 τῆς
847 515 1001 600 νεμήσεως,
1014 513 1055 592 ὡς
1067 522 1143 583 διαι-

135 614 227 694 ροῦσα
238 606 289 669 καὶ
300 607 428 685 νέμουσα
439 628 472 667 το
462 598 668 684 ἐπιβάλλονὲ
668 600 777 690 κᾶστην.
797 609 830 665 R.

218 697 313 758 4523.
335 688 503 769 χαριέντων]
520 693 578 750 νῦν
593 710 653 751 των
670 686 702 751 ἐν
714 680 830 775 ἔργα
800 710 835 750 το
845 682 992 751 σκώπτειν
1002 689 1143 768 ποιουμέ-

134 800 204 841 νων.
221 780 256 836 Β.

217 866 250 922 E.
273 858 479 937 φιλοπαίσμων
489 848 878 938 Αττικωςοφιλοπαίγμων
898 862 932 917 R
1026 861 1029 865 “

217 949 314 1008 4531).
333 946 445 1016 νεῖ]
406 966 464 1002 ννν
476 943 625 1024 κολυμβᾷ·
647 943 739 1020 σημαί
738 963 782 1003 νει
726 939 825 1003 555
835 933 926 1003 καλ
897 963 929 1002 το
942 935 1099 1019 νήθει.Β.

216 1033 250 1089 D.
273 1025 416 1099 νευστέον]
430 1002 635 1129 ηολνμβητέλιν.
656 1029 690 1088 Β.
1089 1066 1093 1075 ·

217 1118 249 1173 D.
271 1102 447 1187 δελφῖναΓ
429 1133 468 1183 ως
489 1101 541 1169 τὸν
558 1104 678 1209 Ἀρίονα
700 1101 879 1211 δηλονότι
851 1132 903 1170 τον
920 1113 1140 1209 Μηθυμναῖον.

133 1191 296 1295 Μήθυμνα
305 1189 416 1274 πόλις’
402 1217 434 1254 εν
443 1200 474 1255 Λ
477 1191 598 1278 ἐσβῳ
561 1217 599 1279 τη
606 1187 709 1295 νήσρο,
728 1184 778 1272 ἀφ’
789 1181 827 1299 ής
835 1184 956 1274 Ἀρίων,
969 1185 1143 1276 κνθαριμδός

133 1274 323 1381 Περιάνδρου
337 1300 389 1339 τον
376 1280 571 1377 Κορινθίων
582 1273 739 1360 τυράννου.
768 1267 852 1351 οντος
863 1278 973 1349 ἱκανῶς
984 1277 1060 1355 ἔχων
1066 1299 1141 1385 χρη·

133 1359 248 1467 μάτων,
272 1362 416 1462 ἐπιθυμία
432 1355 577 1423 πλειόνων
594 1364 636 1435 είς
651 1384 681 1423 τε
694 1356 783 1423 Ἰταλί
770 1361 820 1423 ίαν
836 1384 886 1421 και
877 1355 1079 1421 Σικελίαν
1058 1384 1140 1444 ηκεν,

130 1440 184 1525 ἀφ’
204 1435 247 1508 ὧν
262 1436 321 1506 5555
340 1449 397 1548 τῆς
400 1424 507 1523 τέχνης
523 1441 655 1546 χρήματα
671 1446 808 1546 συλλέξας
824 1435 920 1506 πολλὰ
934 1445 974 1516 εἰς
987 1439 1142 1528 Κόρινθον

133 1532 300 1592 ἐπαναπλεῖ.
330 1517 397 1587 ἐν
373 1552 396 1609 ῳ
408 1532 467 1588 τῶν
478 1534 594 1589 ναυτῶν
605 1521 656 1590 διὰ
666 1553 703 1590 τα
690 1522 799 1591 τοῦδε
810 1526 943 1610 χρήματα
952 1530 1142 1612 βουλομένων

133 1605 223 1676 αὐτὸν
234 1604 361 1687 ἆνελεῖν,
373 1605 485 1672 τούτων
472 1609 549 1712 μὲν
559 1610 696 1714 ἐκείνρις,
705 1603 859 1713 ελᾶφτῖεν,
872 1612 1012 1691 ἐξίστατο,
1024 1618 1141 1678 πείθειν

132 1697 165 1760 55
175 1689 231 1759 οὐκ
238 1697 323 1797 ἔχων
338 1687 480 1756 ἔδεῐιο’
443 1699 541 1757 ανταῑν
557 1695 652 1758 ἐπὶ
617 1719 668 1775 της
681 1692 824 1781 πρώρας
812 1684 882 1758 ἆσαι
881 1693 1001 1797 βραχύ,
1021 1695 1084 1762 εἶτα
1102 1698 1141 1770 είς

131 1775 187 1862 τήν
202 1774 360 1843 θάλασσαν
377 1773 528 1841 ἅλλεσθαι.
556 1779 607 1842 καλ
617 1783 649 1843 05
652 1779 715 1881 μὲν
729 1759 846 1842 ἔδωκαν
851 1823 860 1858 ,
878 1773 969 1843 555''
950 1799 1024 1892 ρισας
1036 1777 1141 1846 ἑαυτὸν

132 1867 249 1949 ἔρριψε·
272 1864 372 1966 δελφὶς
389 1862 422 1927 55
437 1857 594 1939 ὑποθεὶς
579 1857 683 1928 εαατὸν
688 1888 737 1968 τῳ
725 1868 959 1972 κνθαρροδῷ’
933 1889 973 1940 εις
991 1871 1141 1970 Ταίναρον

132 1941 290 2030 κομίζει
261 1972 295 2012 το
309 1954 361 2028 τῆς
374 1954 556 2030 Λακωνικῆς
577 1928 771 2032 ἀκρωτήριον.
802 1948 868 2029 περὶ
888 1945 996 2030 ταύτης
1015 1940 1073 2014 οὖν
1089 1956 1140 2031 τῆς

133 2036 287 2136 ἱστορίας
271 2033 404 2095 ίντανθα
417 2035 516 2112 φησίν.
538 2039 573 2095 Β.

154 2124 156 2138 “
214 2127 247 2180 Ε.
267 2105 298 2199 ή]
313 2111 580 2218 διασαψητικόν,
560 2123 685 2220 ωςνῦν,
698 2110 880 2226 ψιλούμενρν
895 2119 947 2181 και
956 2138 1137 2220 περισπωμε

131 2225 195 2264 νον.
224 2203 283 2265 ἔστι
297 2201 330 2264 55
344 2200 395 2264 καὶ
412 2191 651 2301 ἆπορηματικόν,
668 2194 744 2265 5555
756 2195 793 2282 δή
805 2225 856 2264 και
846 2200 1091 2286 ἐρωτηματικόν.
1114 2204 1139 2265 εἰ

133 2285 165 2348 55
174 2282 342 2387 βαρύνοιτο,
355 2288 423 2359 διαζ
406 2278 558 2359 ζενκτικὸν
569 2288 663 2365 δηλοῖ.
682 2291 717 2346 Β.

215 2377 246 2432 Ε.
269 2361 411 2470 ἆνιλρείως
409 2361 563 2442 ]οἰντλτον
550 2369 716 2469 θρασέως.
739 2375 771 2430 R.

215 2459 311 2518 4541).
333 2476 366 2515 το
375 2476 448 2554 προς
459 2476 534 2514 αντα
544 2459 650 2525 τεινον
661 2476 694 2514 το
683 2445 876 2532 ἐπιτήδειον
899 2459 933 2514 Β.

215 2541 310 2600 4550.
332 2532 486 2609 ποπάνων]
507 2524 671 2597 πλακονντί
670 2560 712 2597 ων
733 2535 866 2598 πλατέων
886 2538 938 2599 καὶ
957 2543 1070 2602 λεπτῶν
1087 2538 1138 2601 καὶ

131 2626 306 2723 περιφερῶν.
340 2619 441 2699 ἕψημα
461 2619 494 2682 55
514 2609 629 2682 ἒστιν“
612 2644 628 2683 ο
650 2620 723 2683 ἔνιοι
746 2619 845 2701 ἐραῖον
867 2627 1025 2701 καλοῦσιν,
1055 2646 1085 2685 οι
1078 2621 1139 2683 δὲ

131 2701 233 2786 ρλνκιλ
252 2712 284 2766 R

216 2794 310 2854 4560
321 2780 431 2886 εὐχαῖς
446 2781 544 2866 ὅμοια]
563 2781 599 2850 τᾶ
616 2782 657 2869 μή
674 2785 861 2870 καθήκοντα·
885 2791 944 2853 ἔστι
958 2784 1015 2873 γὰρ
1028 2784 1138 2852 ὅτεκαλ

130 2865 416 2973 τοιαῦταεῦχόμεθα.
439 2877 472 2933 Β.
627 2894 630 2899 ·

216 2963 309 3022 λδλΒ.
330 2951 522 3031 ἐνδύσονται]
525 2981 572 3041 μρ.
565 2948 784 3037 ,ἀμφιέσονται
808 2965 842 3020 Β.

214 3046 307 3107 4600.
316 3047 492 3145 σπαρμωσι]
499 3035 627 3126 Όμηρος

296 3119 699 3228 οίίθαταγᾶρσφαραμεῦντο.

131 3201 199 3282 τοὺς
212 3202 339 3287 μαστονς
352 3203 473 3292 πλήρεις
486 3210 584 3290 ἔχουσι
600 3206 763 3312 γάλακτος,
783 3209 834 3273 καλ
849 3195 1069 3353 σπαραττονται
1076 3202 1135 3271 ὑπο

131 3293 293 3396 θλίψεως,
296 3294 413 3359 δέονταί
424 3317 455 3356 τε
468 3299 521 3358 τοῦ
539 3287 807 3377 ἕκκριθῇναιαντό.
836 3287 1133 3403 σημαίνειὸὲκαλὸρ-

124 3381 206 3456 »ὅτι
217 3371 656 3503 καλόργθσικαλταράττονται.
676 3385 710 3440 Β.

66 3488 131 3544 Ι..
