2408 3764
483 143 705 212 ΕΡΤΞΙΑΣ.
1013 144 1076 210 129

65 313 211 432 χρήσιμα
222 315 414 432 πεποίηκεν
438 306 619 391 ἐπιστήμην
633 305 698 425 γάρ
711 330 786 374 τινα
803 304 1010 392 παραδιδούς
1027 331 1073 398 66

39 411 41 415 ’
66 411 240 501 ἀνθρύπμ
251 408 320 497 άμα
332 413 387 477 καὶ
405 405 569 524 πλούσιον
584 401 690 472 αὐτὸν
707 412 895 495 πεποίηκεν.
918 374 1077 473 Φαίνετάί

66 536 115 628 γε.
131 507 240 593 Ὅμως
257 510 294 574 δέ
309 531 365 593 μοι
385 530 450 574 καν
470 501 692 588 διομόσασθαι
713 507 802 570 δοκοί
823 501 907 588 ὑπὲρ
923 507 1073 589 Κριτίου,

66 631 134 674 υπο
123 602 322 699 μηδενος
297 628 427 672 τουτων
436 598 626 683 τωνλογοιυ
636 608 821 668 πεπεῖσθαι
843 599 898 686 Νη
915 609 997 670 Δία·
1020 603 1077 669 καὶ

66 705 145 791 γάρ,
158 710 232 790 ἔφη,
248 699 456 788 μαινοίμην
435 726 489 783 αν,
500 702 530 764 εί
538 704 642 762 ταῦτα
635 703 840 782 πειθοίμην.
862 696 945 767 άλλά
961 705 996 768 τί
1010 697 1073 768 ούκ
1091 715 1112 764 Ι)

69 806 200 870 ἐκείνου
216 796 394 883 τὸνλόγον
413 788 653 920 διετέλεσας,
629 818 673 871 ως
692 791 733 859 τά
754 794 970 861 δοκούντα’
931 823 994 866 ουκ
1008 803 1076 867 ἔστι

67 924 231 986 χρηματα,
241 899 381 982 χρυσίον
392 893 448 960 και
459 915 621 978 αργυριον
630 893 687 958 καλ
696 880 799 958 ταλλα
815 889 1016 960 τὰτοιαῦτα·
1009 894 1077 974 ,69

70 995 135 1080 ἐγώ
148 993 239 1061 πάνυ
253 989 385 1076 σφόδρα
394 1013 533 1066 τούτους
543 984 621 1065 τούς
639 984 799 1073 λόγους’
778 986 1000 1073 ακρούμενος,
1017 988 1077 1069 069

68 1093 126 1160 καλ
141 1088 184 1156 σύ
195 1097 260 1167 νῦυ
271 1086 442 1172 τυγχάνεις
453 1080 492 1171 δὴ
506 1083 685 1168 διεξιάν,”
663 1109 796 1170 αγαμαι.
819 1077 981 1151 Εἶπον
938 1109 1003 1151 ουν
1013 1087 1076 1202 ἐμά

70 1187 123 1256 ὅτι
134 1212 191 1271 μοι
202 1190 309 1263 δοκεῖς
319 1183 373 1268 σύ,
393 1210 419 1252 6
406 1174 565 1270 Κριτία,
583 1179 691 1298 06669
706 1184 788 1267 ἐμοῦ
803 1180 967 1267 χαίρειν’
946 1181 1078 1268 ακροά-

70 1310 181 1371 μενος,
195 1304 304 1367 ωσπερ
315 1306 383 1349 των
394 1283 612 1371 ραυοιδοινο
626 1277 666 1346 τά
681 1276 828 1366 ομη’ρου
844 1284 904 1366 ἔπη
924 1278 1077 1398 660666,

269 1383 310 1465 γε’
320 1399 373 1446 σοι
383 1347 691 1447 δοκείτούτωντύν
707 1377 819 1462 λόγων
836 1374 965 1464 666669
983 1375 1075 1446 εἶναι.

142 1453 256 1546 XXVl
272 1476 427 1562 Ὅμοιςδὲ
438 1479 529 1563 φέρε,
543 1481 614 1554 669
625 1502 668 1542 αν
681 1472 722 1542 τά
741 1482 877 1543 τοιαῦτα
889 1476 1075 1599 66666613

70 1569 136 1658 ἆρά
146 1601 185 1660 γε
191 1589 259 1654 τοῖς
268 1600 306 1660 γε
318 1577 537 1658 οίκοδομικοίς
547 1580 615 1639 τάν
626 1569 822 1655 άνθρύποον
832 1579 933 1660 φαίης
943 1568 1076 1643 άνάττα
1094 1585 1113 1633 Ε

72 1670 157 1739 εἶναι
166 1673 307 1758 χρήσιμα
317 1669 402 1756 πρὸς
412 1669 448 1738 τὸ
464 1675 574 1738 οἰκίαν
592 1671 814 1785 ἑργάσασθαης
827 1668 961 1756 Ἔμοιγε
976 1674 1076 1741 δοκεῖ.

70 1767 221 1853 Πότερον
232 1760 296 1836 οὖν
305 1776 411 1837 ταῦτα
421 1768 589 1858 φήσαιμεν
595 1762 638 1835 άν
648 1766 789 1854 χρήσιμα
800 1766 894 1853 εἶναι,
906 1765 954 1846 οἷς
965 1767 1076 1837 αὐτῶν

71 1876 276 1952 κατεχρῶντο
290 1873 335 1946 είς
345 1865 407 1954 τὴν
418 1871 621 1953 οίκοδομίαν,
633 1873 752 1944 λίθους
768 1868 824 1933 καλ
841 1874 1005 1945 πλίνθους
1021 1870 1077 1934 καλ

71 1965 155 2046 ξύλα
166 1967 220 2034 καλ
234 1975 268 2035 εί
274 1994 306 2033 τι
316 1967 431 2051 ἕτερον
441 1973 611 2046 τοιούτον;
628 1961 716 2050 ἢκαὶ
730 1962 770 2032 τά
782 1966 942 2049 ἐργαλεῖα,
956 1959 1003 2043 οἷς
1014 1962 1077 2031 αύ-

72 2067 122 2130 τοὶ
135 2060 197 2150 τὴν
208 2069 316 2132 οἰκίαν
326 2064 525 2150 ἐργάζοιντο,
536 2064 592 2131 καί
602 2057 651 2141 069
665 2068 769 2129 ταῦτα
783 2064 1016 2147 ἐκποριξοιντο,
1036 2063 1076 2129 τά

72 2161 155 2240 ξύλα
175 2163 231 2229 καί
252 2159 340 2253 τούςἱ
353 2167 482 2246 λίθους,
504 2161 563 2228 καὶ
581 2158 682 2227 πάλιν
699 2155 888 2226 τάίτούτοιν
908 2162 1076 2245 ἐργαλείοις

62 2257 197 2344 Ἕμοιγ,
206 2265 280 2347 ἔφη,
289 2265 383 2328 δοκεῖ
391 2258 499 2327 πάντα
508 2266 612 2326 ταῦτα
621 2258 764 2344 χρήσιμα
772 2255 856 2325 εἶναι
866 2256 949 2340 πρὸς
959 2262 1074 2327 ἐκεῖνα.

75 2350 317 2472 O6uo6v,666’
329 2357 404 2444 ἐγω,
415 2359 471 2426 καὶ
481 2358 535 2425 επὶ
544 2383 611 2425 των
622 2355 734 2426 αλλων
743 2355 956 2442 ἐργασιοιν
917 2383 959 2425 ον
969 2357 1077 2444 μόνον

73 2449 171 2519 αὐτοί
170 2478 186 2530 ς
158 2447 245 2531 οἷς
261 2455 501 2541 καταχρύμεθα
515 2455 598 2541 πρὸς
612 2456 753 2524 ἕκαστον
767 2464 837 2576 666
838 2459 974 2578 ἔργον,
992 2455 1075 2524 άλλά

72 2543 177 2618 καὶ
141 2576 190 2628 οις
199 2575 304 2618 ταυτα
314 2554 553 2639 ἐκποριξόμεθα
563 2546 679 2622 καλιάν
690 2552 773 2647 ᾅνευ
790 2552 852 2623 ούιι
869 2549 912 2621 άν
928 2558 1076 2677 γέγοιτος

71 2647 172 2717 Πάνυ
193 2672 232 2733 γε
254 2646 367 2765 06669.
391 2649 528 2719 Ούκούν
547 2651 648 2718 πάλιν
666 2655 722 2718 καὶ
743 2647 791 2730 069
806 2659 909 2717 ταῦτα
925 2653 981 2716 καὶ
997 2659 1030 2717 εί
1045 2676 1077 2717 τι

73 2744 228 2864 6666666
248 2744 388 2830 τούτων,
410 2748 465 2813 καί
485 2743 532 2827 οἷς
553 2749 653 2816 πάλιν
668 2752 777 2817 ἐκεῖνα
798 2750 853 2814 καὶ
870 2752 917 2813 ἔτι
934 2747 1021 2865 6666
1037 2746 1077 2813 τά
1094 2758 1145 2812 404

74 2841 156 2926 άνω,
169 2841 254 2910 ὥστε
264 2868 321 2910 και
310 2840 411 2921 είς”
388 2844 528 2927 απειρύν
538 2871 569 2910 τι
579 2853 709 2931 πλῆθος
726 2851 930 2912 τελευτῶντα
948 2838 1077 2929 ἀνάγκη

74 2941 184 3010 πάντα
201 2947 306 3006 ταῦτα
323 2938 406 3025 πρὸς
422 2939 485 3026 τὴν
503 2937 615 3009 αύτοίν
630 2945 788 3028 ἐργασίαν
802 2938 943 3025 χρήσιμα
960 2945 1075 3024 φαίνε-

75 3046 172 3112 σθαι;
191 3039 257 3103 Καὶ
268 3035 367 3104 οὐδέν
380 3063 429 3123 γε,
440 3043 516 3124 ἔφη,
528 3045 632 3105 ταῦτα
643 3037 731 3108 οὕτω
743 3036 864 3105 κωλύει
882 3042 976 3125 ἔχειν.

158 3138 275 3202 XXVI!
298 3142 340 3203 Τί
354 3133 385 3202 δ’
400 3134 459 3206 εἰ
439 3137 635 3227 υπάρχοιτιμ
623 3134 818 3256 άιγθρύπμ
831 3146 916 3205 σιτία
927 3137 982 3204 καὶ
993 3136 1076 3205 ποτά

74 3257 130 3297 και
119 3232 273 3354 66666
260 3260 315 3301 και
305 3227 440 3321 πάλλα,
454 3230 554 3314 069'
514 3236 613 3315 αυτός
623 3233 706 3323 πρὸς
720 3234 756 3304 τὸ
769 3243 863 3321 σῶμα
872 3239 985 3321 μέλλοι
996 3261 1077 3321 χρη-

76 3338 169 3479 6666,
181 3322 294 3480 66V66
310 3359 341 3399 τι
354 3338 547 3420 προσδέοιτο
566 3329 738 3423 χρυσίουῆ
753 3343 927 3481 αργυριορὲ
933 3359 953 3418 η
941 3327 1076 3401 ύλλου

140 3437 210 3476 πετο

1093 3472 1135 3548 ,Ι
