2408 3764
130 190 174 255 40
481 178 805 259 σοῑενοπιτί.
927 192 930 197 ·

132 351 238 420 αυτόν
255 348 289 437 γ’
304 355 353 417 ἐτι
370 352 516 438 πονῆσαι
533 348 589 431 καλ
606 350 718 432 ἐργοις
736 345 865 432 ἐλέγξαι
881 352 1065 434 πειρᾶσθαι
1081 347 1142 433 τὰς

130 454 321 520 Διονυσίου
344 443 501 533 μηχανάς.
535 445 641 512 ταῦτα
657 470 716 530 μοι
732 444 878 524 δόξαντα
896 449 943 525 είς
959 442 1024 532 τὴν
1039 443 1143 516 ὑστε-

130 552 231 632 ραίαν
250 542 346 612 εἶπον
366 540 452 632 πρὸς
466 543 657 614 Διονύσιον
674 540 727 612 ὅτι
750 544 906 613 δέδοκταί
926 568 984 630 μοι
1005 548 1140 630 με’νειν·

97 650 118 702 ⁰
133 643 215 726 ἀξιοῖ
226 642 304 730 μήν,
317 646 416 729 ἐφην,
423 639 469 729 μὴ
480 641 603 727 κύριον
614 639 775 728 ἡγεῖσθαί
784 661 822 711 σε
828 648 963 723 Δίωνος
974 645 1043 733 ἐμέ,
1056 649 1141 733 πέμ-

132 767 209 823 πειν
220 744 257 809 δὲ
268 737 335 828 μετ’
349 743 432 827 ἐμοῦ
444 741 482 830 σὲ
494 736 568 828 παρ’
582 737 688 808 αῦτδν
696 740 874 830 γράμματα
886 739 926 809 τὰ
937 747 1006 808 νῦν
1017 746 1140 829 δεδογ-

131 844 216 927 μένα
227 844 397 926 δηλοῦντα
408 843 464 907 καλ
481 841 622 929 ἐρωτᾷν,
642 847 708 907 εἴτε
725 837 823 928 ἀρκεῖ
839 845 945 908 ταῦτα
960 839 1065 931 αὐτῷ,
1082 858 1139 920 ναι
1156 832 1160 843 ’

132 944 163 1007 ελ
172 937 229 1027 μή,
236 938 392 1026 βούλεται
403 937 441 1005 δέ
451 935 520 1006 ἄλλ’
535 935 616 1005 ἅττα
626 939 682 1005 καὶ
693 935 791 1026 ἄξιοί,
802 940 859 1007 καλ
869 945 975 1007 ταῦτα
985 941 1137 1008 ἐπιστέλ-

132 1047 204 1108 λειν
215 1036 276 1106 ὅτι
293 1038 475 1123 τάχιστα,σ
455 1034 547 1104 σέδλ
564 1042 770 1124 νεωτερίζειν
787 1040 893 1126 μηδέν
910 1063 962 1106 πω
981 1044 1050 1107 τῦν
1059 1039 1136 1126 περὶ

130 1141 270 1208 ἐκεῖνον.
287 1142 370 1202 ταῦτ
372 1131 537 1221 ’ἐρρηθη
549 1140 655 1202 ταῦτα
666 1134 1040 1258 ξυνωμολογήσαμεν,“
1015 1164 1062 1217 ως
1069 1162 1136 1204 νυν

131 1245 259 1324 εἴρηται
271 1230 403 1317 σχεδόν.
427 1234 603 1312 ἐξέπλευσε
621 1230 664 1319 δὴ
683 1231 723 1300 τδι
739 1242 840 1303 πλοῖα
857 1234 940 1322 μετὰ
953 1241 1067 1322 τοῦτο,
1081 1244 1139 1312 καὶ

131 1332 244 1402 οῦνέτι
256 1355 313 1416 μοι
325 1323 508 1398 δυνατὸν
485 1357 529 1417 ην
543 1341 650 1420 πλεῖν,
670 1329 726 1401 ὅτε
744 1333 787 1420 δή
805 1358 863 1421 μοι
880 1333 936 1402 καὶ
950 1333 1140 1414 Διονύσιος

95 1432 289 1520 Βέμνήσδη
306 1426 459 1514 λέγων,”
438 1455 490 1497 οτι
512 1427 575 1516 τὴν
590 1426 798 1518 ἡμίσειαν
757 1457 815 1519 της
832 1429 950 1512 οῦσίας
963 1427 1048 1501 εἶναι
1064 1434 1138 1499 δέοι

131 1536 274 1615 Δίωνος,
298 1554 361 1615 την
382 1526 415 1596 δ
441 1525 595 1615 ἡμίσειαν
614 1537 678 1598 τοῦ
699 1533 807 1612 υίέος·
826 1535 891 1619 ἐφη
910 1530 952 1618 δὴ
967 1528 1133 1616 πωλήσειν

132 1626 251 1714 αὐτήν,
258 1632 444 1715 πραθείσης
454 1627 492 1695 δέ
503 1626 544 1695 τὰ
553 1631 616 1715 μὲν
625 1626 746 1716 ἡμίσεα
757 1630 830 1717 ἐμοὶ
842 1629 965 1698 δώσειν
976 1627 1083 1716 ἄγειν,
1095 1625 1137 1697 τὰ

131 1726 164 1796 δ’
188 1725 308 1815 ἡμίσεα
329 1733 377 1818 τῷ
398 1730 492 1794 παιδί
508 1734 721 1809 καταλείψειν
736 1726 860 1798 αὐτοῦ·
882 1727 1003 1814 τὸγὰρ
1022 1725 1064 1814 δὴ
1083 1731 1158 1805 δι-,

131 1826 308 1896 ίιαιότατον
315 1824 429 1904 οὕτως
440 1829 538 1912 ἐχειν.
551 1831 688 1915 πληγεὶς
698 1825 732 1897 δ’
746 1825 854 1920 ἐγω
822 1835 868 1897 τῦ
878 1830 1032 1914 λεχθέντι
1044 1826 1136 1894 πάνυ

130 1923 231 2013 μέν”
203 1953 297 2017 φμην
308 1934 441 2011 γελοῖον
454 1922 569 1995 εἶναι’
551 1931 737 2013 αντιλέγειν
749 1924 951 2014 ἐτι,δ’μωςδ’
966 1923 1104 2013 εἷπον,”
1083 1949 1136 1993 οτι

129 2032 223 2121 χρείη
234 2023 297 2110 τὴν
316 2020 405 2111 παρὰ
422 2028 556 2104 Δίωνος
573 2026 754 2112 ἐπιστολὴν
768 2028 960 2113 περιμένειν
977 2022 1063 2112 ἡμᾶς
1079 2025 1136 2093 παλ

130 2132 234 2194 ταῦτα
253 2122 354 2192 πάλιν
372 2120 458 2191 αὐτὰ
476 2126 695 2194 ἐπιστέλλειν·
722 2121 796 2195 δδέ
815 2130 888 2213 ἑξῆς
899 2123 1136 2204 τοῦτοτςπανυ

93 2228 296 2341 Ενεαψιως
317 2220 490 2292 ἐπώλει
454 2248 518 2310 την
537 2219 658 2291 οῦσίαν
674 2221 783 2291 αὐτοῦ
801 2230 923 2308 πᾶσαν,
941 2221 1008 2310 ὅπη
1027 2249 1063 2290 τε
1079 2223 1135 2291 καλ

63 2386 66 2392 ,
130 2344 222 2398 οπως
232 2318 335 2407 ηθελε
346 2323 402 2389 καὶ
413 2315 464 2401 οἷς
474 2327 551 2408 τισι,
563 2345 648 2407 προς
658 2320 716 2408 ἐμέ
728 2320 766 2388 δέ
783 2319 885 2390 οῦδὲν
902 2318 989 2401 ὅλως
1006 2323 1135 2408 ἐφθέγ-

129 2442 205 2501 γετο
219 2416 348 2502 περλ’
307 2443 433 2504 αυτων,
444 2417 552 2487 παλ
510 2445 578 2506 μην
589 2416 750 2498 ὡσαύτως
760 2417 825 2504 ἐγω
845 2417 928 2506 πρὸς
946 2412 1135 2488 ἐκεινου
1088 2444 1133 2485 av

130 2517 207 2604 περί
220 2540 289 2582 των
301 2521 435 2594 Δίωνος
445 2515 651 2604 πραγμάτων
663 2513 766 2586 ουδέν
777 2521 826 2585 ἐτι
837 2517 1052 2605 διελεγόμην·
1071 2513 1133 2581 οῦ-

130 2612 236 2685 δέν
198 2640 262 2702 γαρ
274 2618 323 2682 ἐτι
334 2610 478 2682 πλέον”
451 2640 545 2706 ωμην
556 2629 676 2683 ποιεῖν.

213 2715 325 2804 Μέχρι
337 2715 400 2801 μὲν
411 2713 453 2800 δη
466 2714 596 2782 τούτων
607 2714 711 2805 ταῦτη
722 2740 779 2803 μοι
791 2715 1047 2804 βεβοηθημένον
1058 2711 1133 2794 ἐγε-

130 2814 224 2901 γόνει
244 2819 430 2904 φιλοσοφία
446 2816 503 2882 παλ
519 2819 646 2900 φίλοις·
675 2812 712 2883 τδ
731 2817 768 2882 δέ
784 2812 867 2902 μετὰ
881 2817 986 2881 ταῦτα
1008 2810 1132 2894 ἐζῶμεν

60 2928 114 2984 348
132 2913 196 3002 ἐγω
209 2917 265 2983 παλ
274 2913 470 3002 Διονύσιος,
483 2911 549 2999 ἐγω
561 2914 623 3000 μέν
636 2917 775 3003 βλέπων
787 2919 859 2999 ἐξω,
871 2908 1026 2998 καθάπερ
1037 2907 1133 2998 ὅρνις

130 3019 251 3082 ποδοῖν
272 3012 382 3079 ποδέν
403 3009 624 3099 ιἰναπτέσδαι,
645 3011 664 3080 δ
687 3014 725 3080 δέ
747 3009 1040 3097 διαμηχανώμενος
1056 3014 1132 3076 τίνα

129 3111 258 3201 τρόπον
268 3107 473 3198 ἀνασοβήσοι
484 3136 525 3198 με
531 3113 636 3197 μηδὲν
648 3109 797 3190 ἀποδοῦς
807 3115 876 3177 τῶν
886 3114 1029 3190 Δίωνος·
1042 3106 1133 3196 ὅμως

130 3213 168 3281 δέ
182 3216 311 3300 ἐφαμεν
321 3212 449 3299 ἑταῖροί
457 3237 495 3297 γε
507 3209 593 3279 εἶναι
604 3207 689 3299 πρὸς
706 3216 816 3279 πᾶσαν
826 3214 996 3297 Σικελίαν.
1009 3215 1077 3276 των
1089 3206 1132 3295 δὴ

106 3328 110 3338 ’
130 3313 355 3403 μισθοφόρων
365 3309 446 3393 τοῦς
459 3315 709 3401 πρεσβυτέρους
718 3310 903 3391 Διονύσιος
920 3312 1133 3397 ἐπεχείρησεν

106 3407 1132 3540 Μδοτίρωςποιεινπαρὰτὰτοῦπατρὸςέθη,θυμω-
