2408 3764
410 165 677 227 ΕΠΙΣΤΟΛΗ
694 155 726 237 ζ’.
1034 163 1076 229 23

71 336 277 422 μεμνημένος
287 355 348 416 την
359 353 394 396 τε
405 322 511 394 αυτοῦ
526 350 580 391 και
570 321 679 408 ἐμήν
696 331 890 410 συνουσίαν,
908 323 953 404 ός
973 323 1073 393 εὐπε-
1093 338 1114 386 ο

73 440 137 511 τοῖς
147 429 353 555 ἐξειργάσατο
370 430 415 504 είς
434 425 616 540 ἐπιθυμίαν
632 420 799 493 ἔλθεθ’
759 422 864 491 αυτόν
881 448 941 492 του
929 427 1075 490 καλλί-

71 551 153 599 στου
164 556 199 598 τε
210 530 265 597 καὶ
276 525 413 611 ἀρίστου
422 528 515 609 βίον·
539 544 554 585 ο
542 516 612 601 “δή
624 516 679 584 καὶ
688 543 750 585 νυν
767 526 797 588 εί
813 520 1026 608 διαπράξαιτο
1037 524 1074 589 ἐν

43 672 44 676 =
71 624 277 715 Διονυσίῳ’
254 653 298 704 ως
308 614 737 709 ἐπεχείρησε,μεγάλαςίλπί
723 619 791 694 ίδας
800 615 919 704 εἶχεν”
894 645 979 687 ανευ
990 639 1073 705 σφα·

71 753 143 810 γαν
153 722 377 795 καὶθανάτοτν
387 720 498 787 καὶ
451 741 519 784 ταν
528 738 594 779 νυν
599 712 797 832 γεγονότων
807 724 920 785 κακοῖν
936 713 1051 804 βίον”
1028 745 1073 788 αυ

39 847 41 852 ’
70 820 253 910 εὐδαίμονα
268 823 323 890 καὶ
337 813 504 901 ἀληθινὸν
515 815 551 879 ἐν
561 810 651 897 πάση
661 816 703 898 τῆ
717 808 808 898 χόρηι
824 818 1073 887 κατασκευάσαι.

71 948 176 993 ταυτα
199 927 294 990 Δίων
321 914 435 1038 ὀρθσῖς
461 909 651 995 διανοηθῑις
676 914 786 977 ἔπεισε
806 917 1074 998 μεταπέμπεσθαι

70 1019 258 1090 Διονύσιον
269 1016 336 1131 ἐμέ,
348 1013 403 1081 καὶ
420 1006 518 1084 αυτὸς
533 1009 636 1077 ἐδεῖτο
647 1005 922 1094 πέμπυνήκεινὸ
937 1037 967 1078 ιι
981 1014 1073 1098 τάχι-

70 1135 134 1191 στα
144 1119 181 1184 ἐκ
192 1108 456 1196 παντόςτρόπου,
467 1109 547 1190 πρίν
556 1130 647 1182 τινας
657 1103 780 1184 άλλους
790 1103 984 1191 ἐντυχόντας
994 1117 1070 1175 Λιο-
1087 1115 1108 1164 R

70 1216 178 1295 ννσίφ
191 1205 243 1275 ἐπ’
260 1204 366 1275 ἄλλον
380 1210 454 1290 βίον
474 1199 580 1269 αὐτόν
593 1208 656 1268 τοῦ
670 1208 842 1288 βελτίστου
857 1204 1072 1288 παρατρέψαι.

73 1311 182 1391 λόγων
192 1305 227 1375 δὲ
237 1302 314 1373 τάδε
324 1307 437 1390 ἐδεῖτο,
448 1307 479 1369 εί
493 1303 547 1369 καί
563 1300 749 1386 μακρότερα
766 1307 878 1371 είπείν.
900 1307 992 1381 τίνας
1008 1299 1071 1386 γάρ

73 1401 217 1488 καιρούς,
229 1405 304 1488 ἔφη,
314 1405 444 1486 μείζους
461 1407 702 1484 περιμενοῦμεν
716 1406 785 1467 ταῖν
802 1407 868 1469 νῦν
883 1424 1074 1486 παραγεγο-

69 1501 179 1571 νότων
194 1505 273 1587 θεία
289 1500 354 1567 τινὶ
356 1496 471 1586 τύχης
492 1500 682 1580 καταλέγων
703 1496 739 1565 δὲ
756 1497 818 1584 τήν
833 1523 868 1566 τε
889 1495 993 1586 άρχήν
1014 1504 1073 1584 τής

66 1599 200 1677 Ἰταλίας
210 1625 264 1666 και
253 1600 428 1676 Σικελίας
438 1597 495 1664 και
504 1622 566 1680 την
577 1591 682 1666 αὑτοῦ
701 1597 845 1684 δύναμιν
857 1596 932 1666 ἐν
911 1597 1005 1686 αντή,
1017 1601 1072 1666 καὶ
1089 1607 1142 1661 328

67 1697 131 1785 τήν
140 1695 277 1794 νεότητα
287 1697 341 1763 καὶ
351 1693 413 1780 τήν
422 1696 649 1787 ἐπιθυμίαν
613 1721 674 1779 την
680 1701 864 1764 Διονυσίου
864 1701 1072 1815 φιλοσοφίας

70 1821 105 1865 τε
126 1797 182 1862 καὶ
202 1783 394 1872 παιδείας’
372 1819 417 1871 τις
437 1796 505 1878 ἔχοι
525 1793 656 1912 σφόδρα
674 1795 789 1878 λόγιον,
812 1791 890 1871 τούς
910 1819 946 1861 τε
967 1788 1071 1861 αυτοῦ

69 1892 270 2016 άδελφιδοῦς
283 1894 338 1961 καί
350 1917 429 1969 τους
440 1917 458 1959 ο
459 1887 621 1969 ίκείους’
597 1917 644 1969 ας
657 1888 899 1976 εὐπαράκλητοι
911 1887 979 1961 εἶεν
987 1890 1072 1979 πρὸς

67 1991 129 2059 τὸν
142 1988 189 2059 ὑπ
193 1990 300 2079 ίμου
316 1988 499 2076 λεγόμενον
516 1986 567 2056 άελ
581 1988 685 2074 λόγου
702 1991 757 2057 καί
773 1995 859 2077 βίον,
878 1989 1074 2060 ίκανότατοί

68 2116 104 2158 τε
127 2089 312 2161 Διονύσιον
329 2096 606 2172 συμπαρακαλεῖν,
626 2085 709 2155 οἷστε
726 2097 817 2172 εἰπερ
835 2088 914 2175 ποτδ
934 2092 1071 2156 καλοῦν

66 2189 160 2276 ,ἐλπὶς
171 2192 259 2255 πᾶσα
271 2181 569 2276 ἀποτελεσθήσεται
579 2192 640 2254 τοῦ
648 2184 853 2265 τούςαότοός
864 2183 1071 2271 φιλοσόφους

68 2286 175 2352 τεκαὶ
193 2284 324 2352 πόλεων
341 2281 501 2369 άρχοντας
518 2283 671 2369 μεγάλων
687 2288 850 2371 ξυμβῆναι
862 2287 1069 2370 γενομένους.

52 2383 110 2451 ’τοὶ
120 2382 182 2468 μὲν
192 2383 232 2469 δή
246 2382 520 2467 παρακελεύματα
530 2375 574 2468 ήν
586 2382 689 2449 ταῦτα’
705 2408 741 2450 τε
756 2384 812 2451 καὶ
828 2389 963 2450 τοιαῦτα
973 2383 1068 2467 ἕτερα
1085 2389 1105 2438 Β

68 2478 257 2566 πάμπολλα,
268 2477 329 2565 τήν
341 2478 372 2547 δ’
385 2476 467 2566 ἐμήν
479 2479 580 2560 δόξαν
588 2478 626 2547 τό
637 2481 697 2567 μὲν
714 2483 788 2565 περὶ
806 2489 874 2550 τοῖν
890 2485 986 2569 νέων,
1003 2478 1071 2568 όπη

68 2580 150 2647 ποτε
161 2574 344 2663 γενήσοιτο,
356 2575 420 2662 εἶχε
431 2578 553 2666 φόβος·
577 2582 612 2646 αί
621 2577 683 2665 γάρ
695 2583 867 2667 ἐπυθυμίαι
877 2588 945 2649 τοῖν
955 2579 1070 2648 τοιοό-

69 2701 138 2743 των
148 2687 271 2759 ταχεῖαι
281 2676 337 2749 καὶ
347 2674 505 2752 πολλάκις
518 2677 647 2755 ἑαυταῖς
658 2681 803 2755 ἐναντίαι
814 2678 1009 2763 φερόμεναι·
1030 2673 1068 2741 τὸ

69 2775 105 2843 δὲ
119 2781 252 2852 Δίωνος
261 2769 448 2858 ήπιστάμην
461 2780 518 2858 τής
533 2783 639 2860 ψυχῆς
655 2777 729 2858 πέρι
745 2775 847 2860 φάσει
863 2799 899 2840 τε
915 2770 1070 2858 ἐμβριθὲς

68 2862 111 2939 όν
125 2871 253 2957 ήλικίας
270 2897 305 2938 τε
326 2869 391 2955 ήδη
406 2875 544 2955 μετρίως
564 2877 649 2956 ἔχον.
677 2871 764 2940 ὅθεν
780 2896 836 2955 μοι
852 2873 1069 2989 σκοπουμένῳ

67 2995 123 3038 και
112 2968 322 3054 διστάζοντι,
335 2969 533 3053 πότερονείη
544 2964 756 3053 πορευτέονή
766 2973 846 3055 τοῖς,
854 2966 941 3055 ὅμως
953 2975 1069 3056 ἔρρεψε

67 3071 162 3168 δεῖν,
165 3076 198 3135 εί
211 3068 292 3135 ποτί
300 3092 347 3145 τις
363 3093 403 3133 τοι
391 3062 634 3152 διανοηθέντα
646 3065 843 3152 περίκομμα
857 3069 958 3137 τεκαὶ
973 3071 1110 3137 πολι-0

66 3170 155 3245 τείας
164 3162 336 3232 άποτελεῑν
347 3164 537 3250 ἐγχειρήσοι,
549 3165 604 3235 καί
614 3191 679 3235 νυν
692 3169 864 3250 πειρατέον
878 3164 975 3234 εἶναι·
997 3170 1066 3232 πεί-

65 3282 127 3341 σας
138 3287 213 3348 γαρ
208 3263 278 3330 ἕνα
297 3263 402 3383 μόσχου
418 3265 542 3342 ἱκανάς
557 3264 666 3335 πάντα
678 3263 924 3353 ἐξειργασμένος
934 3266 1069 3350 ἐσοίμην

64 3357 189 3444 αγαθά.
212 3359 316 3446 ταάτη
325 3361 387 3445 μὲν
399 3362 438 3449 δή
453 3387 492 3448 τη
479 3366 635 3452 διανοίη
654 3389 687 3431 τε
705 3365 759 3433 καί
775 3361 879 3451 τόλμη
893 3360 1003 3455 απήρα
1018 3371 1072 3429 οί-
