2408 3764
1155 36 1158 109 λ

108 209 173 274 σεε
518 210 714 269 mom
1073 211 1122 267 ιιι

108 378 246 456 θῆναι*
214 402 268 456 μεν
277 370 328 439 τόν
339 369 529 456 διθύραμβον
540 375 572 435 έν
582 376 659 457 Κορί
658 380 725 457 νθιμ
739 366 798 432 {mo
787 363 943 451 Ἀρίονός
954 388 1045 446 φασι.
1067 373 1121 430 τῶν

109 461 141 522 δὲ
151 466 325 560 ποιητῶν
295 459 401 539 τοῦμὲν
410 457 517 557 πρύτμ
528 463 599 561 βοῦς
611 458 745 519 ἔπαθλον
756 446 857 536 ῆν,
828 478 869 516 τω
856 453 913 515 δὲ
911 445 1087 557 δευτέρφ’
1068 478 1120 531 αμ-

109 540 268 629 φορεύς,
237 568 279 606 τω
265 521 325 604 δέ
334 546 421 628 τρίτα
401 538 549 689 τρςάγος,
560 536 596 603 δν
605 541 690 641 τρυγὶ
702 538 900 640 κεχρισμένον
901 532 1035 640 ἀπῆγον.
1058 543 1093 598 Β.

191 633 288 692 396Β.
309 629 368 688 ἔστι
385 649 444 688 τιε
476 649 508 700 ος
529 618 688 727 λέξερις]
660 648 692 724 τρ
708 615 961 729 ἀπαγγελιικδν”
940 646 1005 702 αμα
1022 620 1077 682 καὶ
1091 612 1120 683 νδ

108 717 168 773 τῶν
179 712 309 772 σπουδαί
306 734 350 813 ριν
360 705 527 811 μιμητικόν
551 713 636 772 τοῦτο
647 702 704 791 γάρ
713 703 810 787 μόνον
819 731 852 769 το
839 701 990 780 Ηεῖδος
950 730 1005 785 της
1017 701 1120 786 διηγῆ-

108 813 179 868 σεως
190 786 293 880 ἀγαπᾷ
303 817 320 856 ο
306 788 465 856 *Πλάτων
473 795 505 856 έν
515 818 552 880 τῆ
537 785 782 893 ἀριστοκρατία.
803 798 838 852 R

191 885 290 943 3971).
312 869 477 960 ἀκροατῶν]
495 871 632 957 οἶμαι
595 903 637 958 μη
653 869 809 960 ἀκροατων
826 866 887 936 ἀλλ’
905 866 1050 955 ἀκράτων
1062 875 1123 935 δεῖν

144 988 164 1023 α
191 969 289 1025 εσθαι

106 987 143 1046 γ*
166 987 262 1108 *ΡΒ*
245 1038 421 1146 ῆέμῆνικᾷ]
435 1068 489 1106 κατ
486 1037 642 1121 ἔλλειψιν
652 1066 705 1106 του
716 1035 977 1135 ψῆφοςῆγνιόμη.
1001 1048 1037 1103 Β.

190 1136 290 1196 398Α.
312 1124 407 1213 μύρον
430 1123 506 1190 κατὰ
526 1134 590 1229 τῆς
595 1131 735 1207 κεφαλῆς]
756 1123 934 1233 παροιμίαέ
919 1124 967 1186 έπλ
983 1131 1046 1187 τῶν
1063 1116 1120 1187 ἀπό

106 1219 157 1295 τῆς
169 1216 277 1314 χρείας
283 1209 460 1314 ἀφιεμένων.
488 1203 590 1274 καί*
555 1235 613 1293 γαρ
630 1210 678 1272 έπι
693 1234 754 1272 των
766 1212 903 1316 έορτιῆυ
885 1209 1017 1273 ἐοίκασιν
1028 1204 1090 1271 οί”
1069 1235 1119 1271 αν·

106 1305 226 1397 θρωποι
236 1293 321 1383 μύρῳ
332 1291 408 1359 κατά
418 1301 470 1397 τῆς
481 1299 620 1395 κεφαλῆς
624 1293 856 1375 καταχεῖσθαι,
835 1321 874 1370 ως
882 1287 922 1355 ἀν
932 1288 1119 1374 σχολάζοντες

106 1374 166 1445 ἀπὸ
183 1385 248 1442 τῶν
254 1361 348 1463 ἔργων
361 1376 465 1442 καὶ*
426 1404 520 1460 μονον
531 1373 716 1481 σχολάζοντες
726 1381 872 1464 θυμηδία.
894 1378 946 1439 καί
956 1375 1052 1440 πόλιν
1062 1384 1120 1450 τοῖς

106 1457 166 1527 ἀπὸ
184 1466 317 1538 δουλείας
333 1464 539 1564 μεταγομένοις
556 1454 598 1524 ἐπ’
618 1463 790 1545 ἐλευθερίαν
804 1464 884 1544 ἐρίου
894 1457 1033 1563 κάτμγμα
1046 1453 1120 1523 καιά

106 1572 158 1626 τῆς
168 1552 300 1626 κεφαλῆς
317 1542 548 1646 ἕνδεσμσνμενον
558 1569 591 1608 το
580 1539 754 1646 ἐπίσημον
775 1489 897 1646 ’ᾈλλως
920 1541 1020 1649 μύρον
1029 1570 1118 1608 κατα-

106 1630 182 1710 χέειν
199 1635 258 1692 τιόν
275 1630 307 1693 έν
302 1637 384 1732 τρῖς
398 1624 571 1738 ἀγιωτάτοις
589 1631 679 1732 ίεροῑς
690 1622 868 1728 ἀγαλμάτων
878 1619 1000 1708 θέμις
977 1656 1032 1732 ῆν,
1046 1630 1119 1732 έρίφ

105 1737 135 1775 τε
146 1706 364 1792 στέφεινάυτύ,
383 1715 528 1777 καὶτοῦτο
539 1711 616 1777 κατά
626 1737 693 1779 τινα
703 1707 896 1794 ἱερατικὸν
862 1737 955 1792 νυμον
959 1758 968 1793 ,
991 1709 1031 1789 ὦς
1042 1739 1059 1777 ο
1046 1707 1122 1794 *μί’

106 1823 161 1879 γας
171 1793 311 1880 Προκλος
315 1801 423 1903 φησίν
443 1805 478 1861 Β.

190 1892 242 1948 399
254 1890 289 1944 Α.
310 1906 327 1945 ο
315 1878 478 1986 Πρόκλος
495 1883 568 1964 φησι
579 1875 635 1984 τῆν
644 1905 698 1962 μεν
708 1876 830 1984 Δύριον
841 1874 988 1984 ἁρμονίαν
996 1885 1039 1957 είς
1049 1906 1117 1948 παι-

107 1968 189 2030 δείαν
200 1961 363 2069 ἐξαρκεῖν*
345 1992 384 2041 ως
395 1961 668 2072 καταστχματικῆν,
683 1959 739 2049 τῆν
750 1966 782 2030 δέ
797 1962 968 2051 Φρνγιον
941 1989 954 2028 ε
967 1991 981 2039 ς
993 1961 1058 2052 ίερά
1070 1993 1117 2030 και

108 2045 537 2154 ένθεασμοδςῶςέκστατικῆν.
551 2058 587 2114 Β.

191 2141 224 2196 Ι).
248 2129 407 2222 δεομένω
386 2162 411 2238 ιχ
418 2131 600 2214 διδάσκοντι]
617 2136 668 2199 ἵνα
685 2131 776 2198 ἀλλον
793 2135 945 2240 νοήσωμεν
959 2139 1117 2246 προσερχό·

106 2241 195 2297 μενον
216 2242 256 2304 ιφ
278 2226 429 2320 μουσικῷ
432 2217 519 2302 χάριν
540 2217 621 2295 τινός
637 2216 761 2322 δεῆσεως
778 2209 870 2282 καὶ*
845 2244 889 2281 ων
907 2219 1033 2300 λέγει,”
1016 2245 1068 2283 ινα
1079 2214 1118 2301 μῆ

105 2307 257 2386 πεισθῆ
226 2308 274 2364 τῶ
280 2299 431 2406 προσιόντι
442 2304 494 2367 καλ
505 2297 735 2405 μεταπείθοντι*
723 2327 739 2365 ο
751 2299 901 2406 μουσικός.
923 2310 958 2365 Β.

190 2393 223 2445 Ε.
243 2365 395 2490 Μαρσύας
403 2380 552 2467 Ὀλύμπου
567 2411 619 2450 του
606 2380 761 2467 αύλιμοῠ
772 2381 836 2460 υίδς
841 2375 901 2489 ῆγ,
919 2382 1012 2487 ἀκρος
1023 2381 1096 2451 δέ
1065 2412 1120 2467 την

106 2462 261 2548 τέχνην*
224 2491 324 2547 ουτως,
348 2465 388 2543 ἀς
398 2473 640 2571 διαμιλλῆθῆναι
647 2475 843 2573 θαρρῆσαι
813 2494 854 2532 τω
841 2463 1034 2534 Ἀπόλλωνι
1052 2471 1118 2578 περὶ

106 2555 260 2632 μουσικῆς.
282 2552 440 2656 δεξαμένου
453 2533 845 2659 δδεούτουτῆνπρόκλχσιν,
866 2554 1119 2636 κατῆκονσανμέν

107 2637 142 2697 αί
150 2632 311 2698 Μοῦσαι’
292 2643 420 2740 αμφοῖν,
441 2639 552 2741 γίνεται
568 2633 632 2703 δέ*
616 2666 637 2722 ῆ
652 2642 755 2742 ψῆφος
769 2632 940 2704 Ἀπόλλωνα
974 2641 1100 2742 δαριίς
1089 2662 1124 2701 τε·

107 2721 147 2794 είς
163 2715 329 2828 τιμωρίαν*
316 2744 332 2782 ο
345 2718 496 2804 Μαρσύας
515 2725 657 2803 μετέδωκε
670 2720 843 2826 κλήσεως
813 2748 854 2786 τω
840 2729 988 2825 ποταμῷ
998 2729 1051 2804 τῆς
1063 2717 1116 2786 αύ-

106 2809 210 2886 τῆς,
180 2808 222 2865 τιό
234 2797 292 2866 ἀπὸ
304 2810 355 2909 τῆς
366 2806 435 2907 ῥοῆς
446 2812 498 2870 τοῦ
511 2810 632 2910 αἵματος
642 2801 733 2872 αὐτοῦ
744 2804 886 2911 γεγονότι.
908 2815 942 2870 Β

191 2866 287 2952 600ss.
310 2882 473 2966 ὁίνόπλιος
491 2888 633 2968 σύνθετός
650 2894 728 2956 ἐστιν
745 2892 774 2968 ἐξ
786 2888 896 2996 ἰάμβου
906 2893 957 2955 καί
969 2889 1120 2956 δακτύλου

107 2970 158 3032 καί
179 2975 231 3050 τῆς
251 2976 460 3056 παριαμβίδας,
468 2970 624 3077 ἀνδρικὸς
643 2968 718 3059 πρὸς
738 2970 896 3082 πράξεις’
878 2979 1010 3074 αναγκαί
1008 3000 1045 3051 ας
1067 2976 1117 3040 καί

107 3046 279 3155 ἀκουσίους,
311 3052 495 3161 έξορμητικδς
517 3063 556 3135 είς
576 3057 713 3165 πόλεμον.
751 3055 768 3124 6
792 3057 859 3124 δέ*
843 3068 940 3146 ηρῷος
961 3055 1117 3141 δάκτυλος,

107 3130 235 3241 ἀπλοῆς,
253 3139 441 3246 κοσμιότῆτος
455 3140 668 3225 ποιητικδςκαλ
679 3138 873 3248 ὁμαλότῆτος,
888 3125 1119 3223 παιδευομένοις

105 3219 280 3326 προσῆκον,
302 3221 341 3301 ἀς
352 3223 462 3308 ἰσότητι
481 3223 752 3310 κεκοσμῆμένος,*
732 3230 868 3304 ωςὲν
826 3255 867 3314 τω
878 3231 919 3302 εἰς
933 3233 1026 3290 ταῦτα
1041 3225 1116 3292 ὑπο-

103 3330 234 3391 μνῆματι
244 3307 383 3415 Πρόκλος
394 3316 495 3414 φησίν
516 3321 550 3376 Β.

66 3404 178 3540 Ι
174 3390 260 3457 Β*
245 3418 371 3478 υπυκορι
372 3388 1124 3508 ζύμενοι]διασύρογτες,ὦςΞενσφῶν,ῆτδαίσχρόν,
