2408 3764
122 174 184 239 156
488 177 754 236 AAKINOOY
1094 188 1127 241 12

120 365 174 415 τες,
191 337 255 444 οίρν
269 348 371 439 χρῆμα
385 335 531 420 λευκότης,
547 363 584 402 τα
571 333 631 403 66
646 335 722 403 κατὰ
737 292 976 447 ομμβεβηκός,ί
943 367 959 406 0
972 367 1008 406 ον
1018 367 1052 406 το
1037 336 1126 407 620«

121 419 176 487 κόν
196 421 228 488 τό
229 425 464 534 κεχρρσμὲμον,
488 416 585 528 μετόι
579 424 717 487 δὲταῦτα
730 419 763 489 τῦ
782 425 957 529 ῦθρρισμα,
976 423 1042 490 οἷον
1057 434 1125 529 πῦρ,

55 538 59 544 ·
120 505 238 589 μέλι,’
211 506 286 571 οότω
297 503 340 612 66
352 510 402 570 καί
416 511 555 588 66'666669
569 502 589 589 6
604 509 658 589 μέν
671 534 715 584 τις
729 510 862 614 ἔστμι
822 536 882 573 των
891 508 1017 614 πρότρον
1026 510 1128 615 πρότη

120 593 273 699 λεγομένη,
290 587 410 674 666
370 618 429 655 των
437 593 587 697 βειπίρων
601 594 731 677 δευτέρα.
753 619 790 656 τα
778 589 857 675 μὲν
868 590 910 696 66
923 601 1026 678 πρῶτα
1035 593 1127 697 νρητδι

120 677 223 756 νόησις
239 681 335 785 μρίνει
356 669 413 739 οῦκ
433 674 505 777 6606
525 700 577 739 του
565 677 823 786 ἐπιστηρονικοῦ
842 674 948 782 λόγορ,
969 676 1126 783 περιλῆψει

119 762 178 824 τινλ
198 761 248 823 καλ
263 785 297 823 ου
287 756 452 861 ’διεξόβμ
468 754 504 822 66
520 760 552 823 66
566 757 715 844 δεοτερα
700 788 716 825 ο
733 757 955 869 ἐπιστημονρκός
970 761 1057 868 λόγος
1071 758 1125 827 οῦκ

120 841 191 908 ῦνεο
206 841 348 950 νοήσεως·
371 840 407 908 τόι
417 825 456 907 66
469 850 572 947 πρῶτα
591 871 610 906 α
611 841 721 926 ίσθητδ
735 845 833 910 καλ
799 872 836 910 τα
851 842 1000 951 6666666‘
985 874 1006 928 6
1020 852 1125 945 αἴσθη-

121 948 166 1004 σις
185 923 332 1033 κρίνει’
298 955 354 995 ουκ
374 925 446 1031 6666
465 933 518 1031 τρῦ
538 931 711 1004 δοξαστικοῦ
714 929 829 1030 λόγον,
851 957 884 996 το
871 926 931 994 66
942 925 1123 1034 ῦθροιρμαβ

120 1008 289 1117 δοξαστικρς
303 1009 388 1119 λόγος
403 1005 459 1075 οῦκ
474 1009 546 1074 ῦνευ
560 1018 612 1091 τῆς
611 1011 803 1116 αίρθῆσεως
820 1023 873 1079 τοῦ
889 1022 997 1098 νοητοῦ
1017 1011 1056 1096 66
1077 1011 1124 1118 κβ·

120 1116 195 1177 σμοο
209 1098 327 1201 πρώτου
342 1094 424 1171 ὄντος
439 1101 555 1176 νοητοῦ,
571 1102 625 1199 τρῦ
642 1090 671 1159 δ’
688 1101 835 1200 αἰσθητοῦ
848 1096 1057 1184 ἀθροίσματος,
1074 1093 1124 1202 τρο

119 1183 173 1262 μὲν
191 1177 299 1281 νοητόν
319 1178 430 1289 κόσμογ
450 1183 558 1281 κρίνει
564 1177 664 1285 νόησις
685 1177 755 1262 μετόι
770 1179 881 1285 λόγρυ,
902 1185 1050 1288 τορτίρτιν
1070 1177 1125 1247 οῦκ

89 1332 95 1339 ,
120 1263 190 1328 ῦνευ
206 1261 321 1366 λόγον,
324 1261 376 1328 τὸν
391 1265 423 1328 66
438 1258 612 1344 αίσθητόνὸ
628 1261 797 1369 δοξαρτικῦς
813 1262 897 1372 λόγος
912 1262 967 1332 οῦκ
990 1265 1062 1332 ῦνευ
1078 1269 1119 1330 66

120 1345 262 1453 ρθῆσεως
285 1345 379 1448 οῦσης
389 1348 421 1409 66
435 1352 529 1430 θεαρί
529 1375 564 1422 ας
578 1351 627 1412 καλ
648 1347 829 1432 πράξεως,
817 1377 833 1415 0
834 1345 949 1459 όρθός
969 1349 1056 1455 λόγρς
1067 1346 1125 1456 οῦχ

120 1429 227 1538 όμοίμς
240 1424 379 1532 κρίνει
348 1455 385 1492 τα
399 1455 435 1516 τη
421 1434 562 1515 θεωρία
576 1428 778 1533 ὑποπίπτοντα
793 1436 845 1543 κμὶ
857 1462 894 1499 τα
909 1434 1041 1539 μρριμτοὶ,
1057 1430 1124 1498 666²

120 1514 198 1578 ἐν
166 1539 219 1594 μιν
239 1539 275 1603 τη
263 1517 401 1598 “ριθεωρί
382 1493 614 1615 αέπισκρπεῖ
586 1539 618 1576 το
640 1508 760 1625 όιληθβς
764 1520 815 1618 666
835 1513 868 1582 τό
880 1515 924 1622 μῆ
938 1517 1029 1595 οῦτως
1048 1523 1122 1624 ἔχον,

120 1599 152 1662 ἐν
167 1598 199 1661 66
212 1605 273 1697 6069
285 1604 437 1699 πρακτοῖς,
452 1600 481 1660 τί
493 1591 526 1659 τῦ
543 1600 652 1660 οἰκεῖον
666 1602 717 1661 καλ
731 1603 760 1661 τί
772 1595 805 1662 τῦ
797 1595 971 1700 ἀλλότριον
986 1631 1036 1705 κρι
1027 1600 1121 1667 ‘stc
1092 1629 1124 1667 το

119 1678 335 1786 πραττόμενον.
347 1687 389 1769 τῷ
402 1674 461 1765 γῦρ
477 1683 551 1783 ἔχειν
567 1684 685 1790 ἕνροιαν
695 1679 828 1785 φοσιιιῆρ
839 1691 932 1746 καλοῦ
942 1687 992 1784 κρὶ
1005 1681 1126 1797 666606

120 1773 161 1872 τῷ
181 1764 259 1855 λόγω
265 1746 418 1874 χριόμενρι
439 1759 527 1829 μαλ’
510 1768 705 1851 αναφὲροντες
726 1762 826 1830 ἐπὶ
793 1793 846 1842 τας
867 1762 995 1875 φυσρκῦις
1011 1771 1126 1866 ἕρνοίας

121 1847 160 1926 069
176 1852 272 1914 666'
236 1877 326 1962 μετρα
340 1877 408 1916 τινα
396 1844 569 1936 ὡρισμένα
582 1855 735 1935 κρίνομεν,
752 1854 807 1914 εἴτε
822 1847 913 1925 οῦτως
928 1852 984 1931 ἔχει
998 1847 1067 1912 τόδε
1081 1880 1124 1915 τι-

119 1932 167 2010 νά,
183 1938 238 1998 εἴτε
252 1961 303 1999 και
294 1937 430 2019 ἑτέρως.

203 2028 240 2082 V.
260 2026 318 2121 Τῆς
331 2026 517 2121 διαλεκτικῆς
532 2021 564 2085 66
587 2013 889 2126 στοιχερωδὲστατρν
873 2024 986 2102 ηγεῖται
1007 2026 1125 2128 πρῶτρν

121 2098 215 2185 μδν
187 2129 220 2167 το
237 2099 291 2204 τῆρ
306 2098 373 2167 υῦσί
373 2128 411 2168 αν
425 2104 590 2210 ἕπιβλέρτειν
603 2100 712 2214 τιμιμδς
724 2101 857 2210 ότρυοῦν,
875 2106 972 2167 ἔπειτα
985 2105 1065 2210 6666
1066 2112 1126 2168 τῶν

121 2184 362 2270 συμβεβηκότων·
380 2188 535 2297 ίπισμρπεῑ
546 2183 629 2251 66’
592 2182 663 2251 αοτῦ
677 2190 731 2289 μὲν
746 2216 762 2252 0
747 2187 891 2290 “ἔστρν”
874 2185 1030 2270 εκαστονῆ
1046 2184 1124 2290 666-

120 2280 177 2333 θεν
195 2275 388 2380 διαιρετικῶς
399 2273 450 2335 καὶ
458 2267 617 2375 Ιῦριστικιῦς
631 2299 651 2352 η
638 2267 804 2335 κάτωθεν
823 2265 1020 2348 ιἰναλυτικῦς,
1042 2298 1079 2334 τα
1066 2267 1126 2335 66

121 2353 325 2458 συμβεβηκότα
340 2357 391 2418 καλ
404 2352 574 2458 ὑπάρχοντα
593 2362 657 2429 ταῖς
677 2349 818 2457 ρόσίαις
803 2383 832 2458 η
819 2352 871 2418 ἐκ
886 2362 945 2418 τῶν
960 2357 1124 2459 περιεχομέ-

33 2450 38 2457 “
119 2461 181 2500 νων
194 2432 242 2499 .’δι
242 2433 447 2538 ἐπαγωγῆς
426 2465 447 2519 6
462 2441 494 2501 ἐκ
507 2445 567 2501 τῶν
580 2436 772 2539 περιεχόντων
788 2433 837 2502 διδ
851 2446 1073 2542 σολλογιρμοῦ·
1088 2435 1127 2513 069

120 2514 196 2583 κατόι
218 2518 304 2629 λόγομ
325 2519 401 2584 εἶναι
408 2528 474 2623 τῆς
495 2517 726 2627 διαλεκτικῆς
699 2547 731 2585 το
751 2523 804 2602 μὲν
828 2522 1020 2627 διαιρετικόν,
1045 2548 1077 2584 το
1066 2518 1125 2582 66

120 2601 294 2689 ῦριστικόν,“
303 2600 336 2668 τό
352 2606 384 2668 66
399 2598 591 2681 όναλυτικόν,
616 2607 667 2668 καὶ
681 2608 806 2752 προσέτι
819 2605 1004 2714 ίπμγωγικόν
1024 2630 1053 2667 τε
1073 2605 1125 2665 καί

74 2727 77 2732 -
121 2685 348 2795 σολλογιστικργ.
364 2693 503 2774 διαίρεσις
515 2690 590 2795 μὲν
582 2692 684 2752 τοίνυν
697 2691 775 2754 ἐστὶν
790 2686 810 2773 ῆ
827 2693 881 2773 μὲν
891 2696 994 2795 γένους
1007 2692 1047 2761 εἰς
1061 2690 1125 2796 εἴδη

120 2769 207 2881 6066,
201 2769 306 2878 ‚666
310 2770 382 2838 6606
403 2777 445 2850 είς
459 2769 590 2878 μέρη·
571 2800 610 2848 ως
624 2769 714 2877 ῆρίκα
734 2771 925 2880 τέμνρμεν
893 2801 949 2855 την
965 2765 1070 2876 ψυχὴν
1085 2774 1126 2847 εἴς

121 2886 152 2925 τε
165 2884 197 2923 το
209 2853 329 2969 λογικδμ
344 2861 395 2923 καλ
410 2852 491 2935 είς
463 2883 495 2923 το
510 2855 695 2961 παθητικόν,
717 2850 820 2922 καὶ
783 2886 821 2922 αο
839 2855 930 2961 πόλιν
943 2852 975 2919 τό
993 2862 1123 2958 παθητι-

111 2972 142 3011 ,κ
123 2942 178 3009 κόν
195 2945 234 3019 είς
247 2966 277 3006 τε
290 2937 322 3044 ρῦ
338 2939 472 3048 θομικῦρ
490 2937 584 3006 καλ
556 2967 588 3006 το
603 2939 831 3046 ἐπιθυμητικόν·
852 2969 872 3022 η
859 2937 922 3003 6‘6
937 2943 1038 3020 φωνῆς
1052 2934 1141 3041 τομῆ-

123 3033 163 3107 είς
177 3022 394 3131 σημαινόμενα,
400 3023 439 3103 69
455 3024 527 3091 όταν
538 3030 574 3091 '66
589 3029 639 3090 καλ
655 3049 762 3090 τουτον
775 3050 869 3130 ονομα
878 3028 942 3101 είς
931 3026 1020 3086 πλείω
1005 3022 1126 3131 πρόγ-

123 3138 201 3195 ματα
222 3112 352 3214 ἕλκηται
378 3106 452 3193 666
471 3106 699 3256 ρομβεβηκότων
722 3112 762 3209 είς
781 3105 973 3216 ῦπρκείμενα,
995 3104 1033 3182 69
1055 3107 1128 3209 6666

124 3204 240 3303 φῶμεν
243 3202 302 3261 τῶν
300 3188 442 3303 τἰγαθιῦν
457 3190 493 3258 τῦ
508 3197 562 3277 μὲν
581 3195 648 3277 περί
669 3189 785 3273 ψυχήν,
803 3189 840 3256 τῦ
859 3194 890 3256 66
891 3191 969 3295 πρρλ
985 3197 1076 3272 σῶμα,
1090 3185 1128 3254 τῦ

124 3282 158 3347 66
173 3279 270 3359 ίτιτός·
294 3306 314 3385 η
300 3275 359 3345 66
372 3276 573 3388 6666666660
589 3282 629 3353 εἰς
640 3270 900 3380 σομβεβηκότμ,
882 3301 920 3350 ως
934 3299 1006 3339 οταν
1008 3283 1129 3379 φῶμεν

66 3360 370 3558 ἠῦρῦρόπαν
381 3360 449 3442 τοῦς
465 3366 518 3445 μὲν
533 3356 668 3447 ἆγαθοῦς
683 3357 774 3441 εἶναι,
792 3356 860 3435 τοῦς
875 3360 907 3423 66
922 3356 1041 3437 κακοῦς,
1059 3355 1128 3434 τοῦς

976 3536 1003 3557 Ι.
1042 3540 1071 3557 -ΙΙ
1092 3530 1170 3557 'm
