2408 3764
101 223 143 290 12
262 230 264 235 ’
449 213 763 304 Εωιενοαιιηί

100 396 170 457 τῦν
187 389 370 472 συντέμνω.
398 381 440 450 τά
456 381 522 501 φάρ
537 381 578 470 δὴ
596 381 745 469 χρήματα
761 382 871 452 πάντα
890 362 1110 474 ἀποδόμενος,

101 509 143 553 ου
133 483 269 561 ’πείσας
279 486 406 565 Δίωνα,
419 481 563 566 φάσκων
572 506 615 549 ου
604 478 828 566 ’πωλήσειν”
804 505 888 549 ανευ
898 506 961 549 του
948 489 1110 572 πείθειν,

100 582 161 651 τόν
183 585 374 665 κολοφῶνα,
394 604 420 647 ω
442 578 620 666 θαυμάσιε,
641 592 711 658 ταῖς
732 577 986 665 ὑποσχέσεσιν“
968 582 1112 662 απόσαις

101 675 345 746 νεανικώτατον
356 676 538 761 ἐπέθηκας·
561 675 713 764 μηχανὴν
727 675 794 763 νάρ
811 674 891 744 οὕτε
907 675 1016 763 καληυ
1033 679 1112 749 οὔτε

100 771 236 862 κομψὴν
246 771 323 842 οὔτε
337 773 524 842 δικαίαν”
481 799 559 842 οντε
562 765 857 862 ξυμφόρονσακ
817 799 922 860 ευρες,
940 776 1024 861 &pr
1007 802 1112 862 εκφο-

76 867 78 870 ’
100 879 173 958 βεεν
187 869 232 951 ως
242 869 431 958 ἀγνοοῦντα
444 867 485 938 τοὶ
501 871 576 938 τότε
592 872 782 959 γιγνόμενα,
796 875 853 940 ἵνα
870 871 954 958 μηδδ
972 872 1037 958 ἐγώ
1055 879 1112 961 ζη-

66 983 86 1035 c
100 976 195 1056 τοίην
204 967 245 1039 τὰ
256 970 406 1059 χρήματα
421 965 684 1055 ἀποπέμπεσθαι.
706 969 804 1057 ἡνίκα
814 968 882 1056 γὰρ
894 967 1111 1059 Ἡρακλείδην

101 1073 260 1157 ἐξέβαλες,
282 1069 360 1137 οὔτε
381 1072 605 1150 Συρακοσίοις
625 1070 750 1135 δοκοῦν
771 1071 905 1146 δικαίως
931 1067 1004 1136 οὔτ’
1026 1072 1108 1156 ἐμοί,

101 1167 186 1237 διότι
206 1166 287 1253 μετὰ
310 1163 478 1235 Θεοδότου
496 1166 551 1232 καί
567 1160 741 1252 Εὐρυβίου
758 1165 970 1252 συνεδεήθην
986 1186 1049 1233 σου
1065 1167 1109 1254 μὴ

101 1277 210 1334 ποιείν
218 1268 333 1346 ταῦτα,
350 1261 478 1347 ταύτην
490 1257 605 1348 λαβοδν
621 1257 666 1343 ὥς
685 1261 806 1348 ἱκανὴν
823 1260 995 1349 πρόφασιν
1012 1263 1111 1351 εἶπες,

101 1361 154 1430 ὅτι
168 1362 226 1428 καί
241 1358 344 1427 πάλαι
361 1378 416 1428 σοι
431 1364 530 1445 δῆλος
546 1368 618 1445 ελην
636 1365 701 1427 σοῦ
717 1361 777 1446 μὲν
794 1358 896 1429 οῦδὲν
913 1367 1111 1449 φροντιΐων,

102 1461 234 1534 Δίωνος
245 1457 281 1525 δὲ
290 1457 347 1524 καί
356 1464 425 1524 τοῦυ
434 1461 566 1534 Δίωνος
577 1462 685 1542 φίλων
695 1457 751 1525 καί
767 1463 909 1544 οἰκείων,
926 1458 980 1526 καί
997 1456 1109 1544 ἐπειδὴ

103 1561 170 1640 νῦν
187 1553 352 1644 Θεοδότης
366 1556 423 1626 καὶ
441 1553 653 1644 Ἡρακλείδης
674 1552 713 1624 ἐν
733 1559 901 1644 διαβολαῖς
913 1555 980 1624 εἶεν
994 1560 1108 1624 οίκετοι

102 1661 236 1734 Δίωνος
251 1654 354 1742 ὄντες,
379 1663 449 1725 ποῖν
464 1651 669 1744 μηχανςόμην
684 1652 775 1734 ὅπως
793 1645 887 1725 οῦτοι
903 1653 948 1740 μη
966 1653 1112 1735 διόσουσι

67 1773 88 1823 υ
105 1759 210 1841 δίκην.
231 1756 286 1822 καί
303 1753 482 1840 ταῦταμὲν
497 1752 602 1842 ταῦτη
617 1750 693 1838 περί
708 1751 749 1821 τὰ
767 1751 918 1821 πολιτικοὶ
936 1758 1113 1830 κοινωνίας

102 1860 161 1939 τῆς
170 1855 249 1939 ἐμῆς
259 1855 315 1921 καὶ
329 1859 403 1938 σῆς·
424 1852 481 1919 καί
494 1861 526 1921 εί
533 1879 607 1920 τινα
618 1853 732 1935 ἑτόραν
743 1847 980 1938 ἀλλοτριότητα
989 1853 1112 1928 ίνείδες

102 1952 139 2020 ἀν
152 1951 316 2036 ἐμοίπρός
326 1954 373 2033 σε’,
385 1950 520 2031 εἰκότως
531 1960 593 2020 οίει
608 1950 714 2037 ταῦτη
729 1949 960 2025 πάνταταῦτα
975 1952 1113 2034 μεμονέ-

101 2074 168 2118 ναι,
189 2051 247 2117 καί
260 2047 304 2137 μη
321 2049 485 2133 θαύμαζε·
507 2047 610 2129 κακὸς
619 2049 684 2136 γὰρ
697 2043 741 2118 ἀν
750 2051 860 2134 ἔχοντί
865 2071 904 2132 γε
914 2051 1001 2140 νοῦν
1015 2043 1114 2130 ἀνδρλ

103 2153 286 2236 φαινοίμην
306 2148 452 2232 ἐνδίκως,
470 2149 620 2226 πεισθείς
633 2145 701 2214 ὑπὸ
719 2154 781 2215 τοῦ
797 2147 962 2232 μεγέθους
976 2148 1036 2225 της
1053 2151 1114 2226 σῆς

103 2244 208 2334 ἀρχῆς
226 2242 287 2313 τόν
307 2243 370 2330 μὲν
390 2246 535 2317 παλαιόν
556 2253 657 2332 φίλον
677 2247 733 2312 καὶ
754 2245 850 2322 ξένον
872 2245 983 2314 κακός
1004 2236 1112 2320 πράτ-

103 2369 204 2413 τοντα
220 2340 275 2411 διά
294 2346 341 2432 σέ,
359 2344 464 2430 μηδὲν
480 2349 549 2412 σοῦ
560 2348 669 2427 χείρω,
687 2343 744 2408 ἵνα
760 2335 867 2415 οὕτως
882 2344 976 2420 εἴπω,
987 2341 1110 2402 τοῦτον

66 2461 86 2510 ε
104 2442 166 2529 μὲν
175 2445 400 2529 προδοῦναι,σ
380 2437 723 2510 σεδετόυάδικοῦντα
735 2436 934 2504 ἑλέσθαιααί
945 2439 1015 2502 πᾶν
1026 2436 1113 2519 δρηῖν

104 2539 170 2626 ὅπη
188 2537 231 2605 σύ
254 2544 481 2623 προσέταττες,
500 2539 597 2605 ἕνεκα
612 2532 790 2620 χρημάτων
803 2529 987 2618 δηλονότι·
1009 2528 1110 2598 οῦδευ

103 2635 168 2725 γὰρ
184 2631 230 2704 ἀν
241 2637 356 2722 ἕτερον
372 2642 497 2724 ἔφησεν
513 2631 622 2701 αίτιόν
637 2656 687 2709 τις
703 2628 789 2698 εἶναι
799 2638 857 2716 τῆς
874 2631 954 2717 ἐμῆς
968 2635 1113 2716 μεταβο-

104 2744 173 2858 λης,
192 2740 223 2804 εί
242 2735 477 2853 μετεβαλόμην.
511 2727 714 2796 ἀλλάταῦτα
734 2726 796 2814 μὲν
819 2726 923 2813 ταότη
945 2724 1111 2812 γενόμενα

103 2837 167 2922 τὴν
187 2832 272 2952 ἐμην
295 2832 437 2919 κνίσην
466 2832 665 2912 λυκοφιλίαν
685 2823 786 2894 καί’
766 2831 970 2894 ακοιυωνίαν
991 2821 1045 2892 διὰ
1074 2823 1112 2891 σε

104 2930 339 3020 ἀπειργάσατο

188 3025 364 3117 Σχεδόνδ
379 3031 425 3105 είς
436 3021 564 3110 λόγον’
548 3051 566 3093 ο
578 3019 758 3110 λογοςηκει
772 3044 829 3107 μοι
840 3019 976 3108 ξυνεχὴς
986 3026 1032 3104 τῷ
1044 3024 1112 3085 νῦν

105 3125 146 3215 δὴ
158 3129 338 3247 γενομένω,
349 3116 482 3209 περί
439 3150 482 3192 ου
491 3149 549 3212 μοι
563 3148 600 3190 το
589 3119 776 3204 δεύτερον
791 3114 1017 3204 ἀπολογητέον
1026 3121 1112 3201 ἔφην

40 3240 93 3300 319.
106 3226 199 3311 εἶναι.
227 3224 345 3305 σκόπει
365 3220 406 3343 δη
421 3214 492 3291 καί
494 3218 636 3306 πρόσεχε
653 3216 794 3300 πάντως,
811 3212 856 3282 ἀν
871 3221 906 3282 τί
920 3233 973 3281 σοι
988 3211 1112 3292 ψεύδε-

102 3335 185 3396 σθαι
196 3324 282 3405 δόξα
293 3325 350 3391 καί
359 3346 404 3409 μη
392 3318 547 3407 τάληθῆ
560 3319 678 3402 λέγειν
690 3310 851 3401 φημίγάρ
863 3331 901 3380 σε
910 3306 1112 3396 Ἀρχεδήμου

91 3424 269 3511 mdnoc
278 3425 319 3491 ἐν
328 3429 375 3512 τῷ
384 3418 480 3510 κη’πφ
495 3419 552 3488 καί
565 3413 822 3503 Ἀριστοκρίτου,
839 3406 957 3497 σχεδόν
975 3405 1112 3495 ἡμέραις
