2408 3764
134 196 178 264 28
481 202 744 261 σωιευολιι
763 193 795 275 ς’.

136 359 295 449 ραλαβῶν
310 364 467 439 Σικελίας
485 357 610 440 πολλάς
621 363 677 429 καὶ
689 363 834 447 μεγάλας
851 362 967 444 πόλεις
983 363 1052 432 ύπδ
1069 373 1139 434 τῶν

134 458 317 547 βαρβάρων
337 461 634 545 ἐκπεπορθημένας
657 458 719 546 ούχ
739 455 810 541 οἷός
831 458 862 529 τ’
886 454 930 548 ἦν
947 470 1139 546 κατοικίσας

135 563 302 637 πολιτείας
323 560 374 625 ἐν
390 556 542 638 ἑκάσταις
564 559 837 646 καταστήσασθαι
858 559 978 641 πιστάς
998 561 1139 652 ἑταίρων

64 663 117 718 332
134 653 281 741 άνδρῶν,
294 652 373 722 ούτε
390 651 505 722 άλλων
521 654 563 741 δή
578 665 688 724 ποθεν
704 652 853 725 ὀθνείων
871 657 951 726 ούτε
967 655 1138 750 ἀδελφῶν,

134 749 195 831 ούς
207 754 333 837 ἔθρεψέ
342 777 377 819 τε
388 749 491 833 αύτδς
500 756 685 837 νεωτέρους
696 752 845 834 άνταςέκ
862 780 898 823 τε
915 760 1060 825 ἰδιωτῶν
1076 757 1139 842 άρ-

133 846 318 934 χονταςκαλ
329 850 367 916 έκ
378 850 532 936 πενήτων
543 858 726 932 πλουσίους
744 852 937 939 ἐπεποιήκει
952 855 1139 942 διαφερόν-

134 972 208 1027 τως.
230 948 361 1016 τούτων
371 946 541 1017 κοινωνὸν
551 954 610 1035 τῆς
621 948 724 1037 άρχής
734 949 859 1020 ούδένα
869 947 942 1033 οἷός
952 952 983 1020 τ’
1002 947 1137 1042 ήνπει-

133 1050 260 1114 θοίκαὶ
271 1051 390 1135 διδαχή
400 1052 456 1114 καί
471 1045 676 1133 εὐεργεσίαις
692 1051 748 1114 καί
765 1055 972 1135 ξυγγενείαις
988 1047 1135 1138 ἀπεργα-

134 1144 276 1231 σάμενος
292 1143 508 1231 ποιήσασθαι,
520 1150 670 1231 Δαρείου
687 1146 725 1212 ’δέ
742 1146 951 1238 ἑπταπλασίῳ
968 1149 1135 1234 φαυλότε-

133 1268 191 1330 ρος
203 1244 344 1328 ἐγένετο,
356 1239 394 1321 ὃς
408 1239 474 1309 ούκ
485 1241 650 1330 άδελφοίς
661 1241 843 1323 πιστεύσας
858 1241 935 1311 οὐδ’
948 1242 1014 1332 ὑφ’
1027 1245 1135 1317 αὑτοῦ

132 1352 296 1426 τραφεῖσι,
309 1354 487 1420 κοινωνοῖς
498 1340 536 1407 δέ
549 1340 659 1427 μόνον
669 1346 728 1427 τῆς
738 1346 799 1406 τού
812 1338 938 1427 Μήδου
950 1366 985 1409 τε
1003 1347 1060 1411 καλ
1076 1343 1135 1413 a}-

98 1459 118 1508 Β
136 1437 263 1522 νούχου
273 1437 470 1527 χειρώσεως,
482 1441 630 1526 διένειμέ
637 1464 673 1507 τε
686 1442 770 1526 μέρη
787 1443 884 1525 μείζω
901 1441 1021 1507 ἕκαστα
1030 1448 1137 1511 Σικε-

132 1542 205 1615 λίας
216 1535 324 1624 πάσης
336 1538 417 1607 ἑπτά
429 1541 484 1608 καὶ
495 1552 623 1620 πιστοίς
634 1539 794 1625 ἐχρήσατο
806 1552 875 1617 τοῖς
891 1551 1067 1626 κοινωνοῖς
1077 1542 1135 1608 καὶ

132 1631 198 1702 ούκ
215 1637 459 1723 ἐπιτιθεμένοις
480 1637 560 1716 οὔτε
577 1636 668 1730 αύτῷ
686 1635 765 1706 ούτε
787 1635 954 1725 άλλήλοις,
976 1640 1082 1718 έδειξέ
1099 1663 1136 1709 τε

131 1732 352 1824 παράδειγμα,
376 1730 450 1804 οἷον
470 1741 533 1826 χρή
555 1735 616 1805 τὸν
630 1740 820 1823 νομοθέτην
842 1739 897 1803 καὶ
919 1739 1057 1823 βασιλέα
1074 1735 1135 1805 τδν

131 1830 265 1918 ἀγαθάν
286 1841 480 1922 γίγνεσθαι·
508 1838 634 1924 νόμους
656 1839 720 1924 γάρ
742 1837 992 1916 κατασκευάσας
1009 1841 1058 1904 ἔτι
1079 1839 1135 1904 καὶ

131 1937 198 1998 νύν
210 1937 394 2004 διασέσωκε
404 1936 467 2023 τήν
476 1943 621 2020 Περσῶν
633 1934 749 2022 άρχήν.
762 1940 810 2003 ἔτι
822 1932 859 2002 δέ
868 1932 1040 2018 Ἀθηναῖοι
1052 1933 1136 2020 πρὸς

130 2029 274 2118 τούτοις,
287 2029 352 2100 ούκ
363 2032 462 2102 αύτοίΙ
476 2040 724 2112 κατοικίσαντες
738 2031 864 2112 πολλάς
880 2038 948 2099 τῶν
965 2029 1134 2117 Ἑλλήνων
1158 2106 1162 2113 ,

131 2126 245 2208 πόλεις
266 2125 334 2197 ύπδ
353 2131 536 2219 βαρβάρων
557 2133 816 2220 ἐκβεβλημένος,
834 2127 909 2197 ἀλλ’
934 2131 1134 2210 οἰκουμένας

92 2249 111 2300 G
130 2227 393 2315 παραλαβόντες,
417 2226 508 2314 ὅμως
531 2227 759 2316 ἑβδομήκοντα
775 2232 831 2310 ἔτη
849 2222 1054 2307 διεφύλαξαν
1070 2222 1134 2307 τήν

129 2322 236 2410 ἀρχὴν
247 2325 374 2413 άνδρας
387 2332 510 2411 φίλους
518 2328 556 2391 έν
567 2338 638 2402 ταῖς
653 2321 792 2390 πόλεσιν
809 2319 960 2396 ἑκάσταις
970 2323 1134 2405 κεκτημέ-

128 2445 193 2488 νοι.
212 2424 397 2503 Διονύσιος
408 2423 445 2490 δὲ
457 2429 504 2502 είς
514 2428 595 2509 μίαν
607 2421 708 2490 πόλιν
724 2418 889 2505 άθροίσας
906 2423 1018 2509 πάσαν
1027 2427 1132 2488 Σικε-

128 2521 205 2586 λίαν
215 2515 283 2585 ύπδ
297 2519 427 2604 σοφίας,
444 2519 614 2586 πιστεύων
624 2515 750 2604 ούδενί,
766 2515 865 2604 μόγις
875 2514 1003 2602 έσῶθη·
1029 2520 1132 2603 πένης

128 2614 193 2703 γάρ
205 2607 249 2701 ήν
259 2612 397 2702 ἀνδρῶν
408 2622 518 2702 φίλων
532 2618 588 2684 καὶ
599 2622 736 2710 πιστῶν,
747 2608 791 2684 ού
807 2622 917 2704 μεῖζον
935 2628 1073 2703 σημείου
1086 2624 1132 2697 είς

129 2712 254 2801 άρετήν
263 2716 319 2782 καί
330 2720 451 2782 κακίαν
462 2712 623 2782 οὐκέστιν
635 2711 748 2801 οὐδέν,
760 2721 822 2794 τού
833 2720 958 2803 ἔρημον
968 2709 990 2799 ή
1002 2711 1047 2800 μή
1059 2739 1131 2783 τοι-

128 2813 241 2880 ούτων
251 2811 390 2900 ἀνδρῶν
401 2810 496 2881 εἶναι.
510 2809 532 2885 ἃ
543 2810 584 2900 δή
596 2814 829 2905 καίΛιονυσίφ
841 2813 1131 2900 ξυνεβουλεύομεν

128 2907 194 2994 έγῶ
205 2911 261 2979 καὶ
272 2916 379 2997 Δίων,
391 2909 506 2998 ἐπειδὴ
517 2909 558 2979 τά
574 2909 664 2999 παρά
675 2917 736 2980 τοῦ
748 2911 872 2998 πατρὸς
889 2909 980 3002 αύτῷ
992 2916 1131 2999 ξυνεβε-

92 3029 113 3080 Ι)
132 3007 229 3095 βήκει
241 3007 359 3097 οὕτως,
366 3008 554 3105 άνομιλήτφ
560 3011 623 3101 μὲν
629 3018 790 3099 παιδείας,
797 3009 985 3102 άνομιλήτφ
997 3011 1034 3079 δὲ
1045 3031 1131 3079 συν-

129 3113 257 3175 ουσιῶν
267 3116 336 3178 τῶν
347 3120 592 3198 προσηκουσῶν
608 3115 793 3198 γεγονέναι,
815 3116 951 3197 πρῶτον
961 3112 1015 3178 ἐπὶ
1025 3117 1130 3178 ταῦτα

128 3202 321 3294 ὁρμήσαντα
342 3214 463 3294 φίλους
484 3209 608 3292 άλλους
629 3207 721 3300 αὑτζό
739 3216 808 3277 τῶν
829 3214 962 3277 οίκείων
984 3205 1052 3293 άμα
1074 3212 1130 3276 καί

266 3312 317 3375 ῶν
327 3311 383 3377 καλ
401 3305 608 3398 συμφύτους
619 3307 703 3399 πρὸς
714 3308 837 3399 ἀρετήν
854 3307 1052 3393 κτήσασθαι,
1065 3307 1130 3394 μά-

82 3302 269 3536 κηδς
284 3402 391 3476 ’σύτδν
409 3404 511 3498 αύτῷ,
524 3409 649 3478 τούτου
667 3406 731 3494 γὰρ
745 3405 850 3493 αὐτὸν
861 3410 1064 3492 θαυμαστῶς
1073 3407 1130 3473 ἐν·
