2408 3764
39 170 48 187 '
131 201 195 266 εστ
287 215 294 227 α
442 169 836 264 ΠΡΟΛΕΓΟΜΕΝΑ
1003 234 1009 245 -
1104 209 1141 266 τε

132 361 311 470 σοφιστικὴν
326 367 389 432 «III
389 372 438 428 κεῖ
450 390 505 446 την
515 359 674 468 ῥητορικην
684 372 780 429 καλει
799 362 873 429 οδεν
875 365 1009 471 λέγουσι
1007 388 1078 430 ποτε
1089 361 1141 431 τόν

130 455 276 556 Αἰσχίνην
294 445 447 553 ἀναβάντα
464 449 512 511 ἐπὶ
523 472 576 511 τοο
562 445 716 553 βήματος
726 453 818 514 εἰπεῖν
828 444 902 532 πρδς
912 445 980 525 τοδς
991 443 1141 534 αἰκροατδις

130 534 176 602 ότι
197 538 226 600 τί
246 532 404 639 βοόλεσθε;
436 534 514 596 τί”
483 554 572 607 ειπω;
593 528 659 596 τέ’
643 541 716 613 υμῖν
736 536 914 639 χαρίσωμγι;
941 537 1087 600 δέδεικται
1109 538 1141 600 δὲ

129 649 163 688 το
149 619 326 725 εἰρημένον
337 613 388 684 διδ
400 621 594 701 γεωμετρικῆς
605 611 813 718 αἰναλογίας,
794 643 833 692 ως
843 614 919 696 τόδε,
932 620 983 682 καὶ
993 615 1070 684 τόδε
1098 627 1140 684 τῶ

25 738 28 744 ·
131 698 161 770 δ’
177 700 366 790 αριθμητικω
377 702 549 811 κέχρηται
550 727 568 763 ν
589 699 713 806 Φιλήρφ
730 704 762 765 λέ
761 726 837 804 γων
836 705 869 778 ἓξ
887 700 962 768 εἶναι
976 702 1161 782 τόξειςτῶν1

129 785 267 872 ἀγαθῶν,
279 790 330 851 καὶ
339 795 424 851 ποῖαι
435 778 650 865 αδταιμταυτας
661 783 932 891 απαρνδμρόμενος.
956 815 997 892 τῳ
985 784 1066 852 ’δ”
1048 815 1140 869 αφαι-

41 886 46 897 “
131 877 235 977 ρετικῶ
252 873 389 980 κέχρηται
406 873 439 934 έν
431 871 580 972 Τιμαίῳ,
601 876 699 952 τηρῶν
715 872 767 934 καλ
781 864 974 953 εὑρίσκων
943 898 999 954 την
1015 869 1140 953 όληνέκ

125 964 181 1062 της
197 952 379 1059 ἀφαιρέσεως
396 951 518 1019 πόντων
532 959 592 1016 τῶν
607 956 708 1018 εἰδῶν
737 980 779 1039 τφ
766 955 829 1019 ’δὲ
844 977 868 1018 π
887 964 1033 1043 οσθετικῷ
1050 959 1082 1020 έν
1086 964 1140 1060 τῶ

125 1036 315 1145 Ἀλκιβιάδη·
337 1066 389 1104 και
378 1041 518 1103 τίθεται
534 1032 592 1121 γδιρ
604 1043 699 1140 ζητεῖν
709 1064 736 1101 τι
730 1018 852 1103 ’ἐστιν’
839 1065 856 1105 ο
868 1050 1060 1147 ανθρωπος,
1054 1023 1139 1106 πότε·

131 1151 183 1209 ρον
194 1119 310 1231 σῶμγιῆ
320 1118 403 1228 ψυχὴ
413 1119 434 1206 ἢ
445 1118 477 1187 τὸ
488 1118 736 1227 συναμφότερογ,
737 1125 846 1186 καλί
800 1127 846 1187 δεί
827 1144 966 1229 κνυσιν,
979 1122 1019 1202 ῶς
1031 1124 1097 1190 οὔτε
1107 1121 1139 1190 τό

129 1216 217 1313 σῶμα
236 1207 301 1273 οὔτε
318 1204 350 1272 τὸ
369 1203 614 1314 συναμρότερον,
627 1200 736 1271 ἆλλδι
719 1234 748 1310 η
756 1203 839 1290 ψυχὴ
855 1203 926 1311 ηαδ
929 1206 1054 1314 αυτην·
1078 1208 1139 1274 εἶτα

127 1289 241 1402 ρροϊων
257 1287 490 1398 προστίθησιν
471 1317 510 1366 ως
520 1289 555 1354 06
571 1295 652 1354 πόσα
664 1287 778 1396 ψγχή
785 1317 821 1356 ου
820 1288 890 1398 γὰρ
883 1289 972 1376 631⁸
951 1321 972 1375 η
982 1319 1015 1378 γε
1028 1320 1138 1398 φυτικη

91 1450 94 1455 .
127 1374 311 1461 ἢδγόλογος,
330 1369 391 1438 ἄλλ’
410 1373 562 1459 ἡλογικη·
586 1376 638 1439 καὶ
653 1372 778 1439 πόλιν’
761 1372 832 1442 οτιδ
845 1374 1016 1482 ἅνθρωπος
1018 1378 1140 1460 μεσότης

129 1463 239 1526 ἕστλ”
199 1487 258 1524 των
269 1485 299 1524 τε
298 1462 402 1523 θείων
414 1460 465 1523 καὶ
479 1465 539 1523 τῶν
555 1466 700 1543 γενητῶν,
721 1458 800 1524 nocI‘⁸
784 1486 839 1546 ορα
849 1486 913 1539 πως
926 1458 1040 1547 προϊῶν
1050 1482 1138 1566 προς·-

128 1549 219 1627 έθηκε
235 1570 271 1630 τη
287 1540 412 1649 ζητηρει.
446 1538 540 1630 τῶδ’
563 1548 701 1633 ἱστορικῷ
723 1545 861 1627 κέχρηται
883 1549 914 1610 ἐν
936 1556 997 1624 τοῖς
1012 1545 1137 1653 Νόμοις,

128 1623 295 1713 ἱστορῶν
264 1653 301 1693 τα
312 1623 371 1692 ἆπδ
381 1654 434 1692 του
420 1609 653 1709 κατακλυσμοῦ
663 1608 769 1702 έόνς
727 1653 788 1692 των
798 1634 970 1712 Περσικῶν·
984 1658 1024 1715 τῳ
1012 1626 1061 1695 δ”
1075 1634 1138 1696 έτυ

128 1721 277 1801 μολογικῶ
289 1716 321 1777 έν
330 1737 372 1799 τῳ
359 1715 546 1823 ’Θεαιτητμ

212 1807 336 1862 XXVIII.
358 1799 418 1862 Και
429 1799 513 1901 μέηρι
516 1780 577 1879 μὲν
587 1794 697 1861 τούτων
712 1797 784 1859 ἔστω
795 1821 832 1860 τα
818 1789 1039 1879 προτέλεια
1003 1823 1019 1859 τ
1020 1826 1055 1878 ης
1067 1820 1138 1864 συν-

29 1902 31 1906 ’
128 1880 319 1965 αναγνῶσεως
340 1907 392 1964 της
409 1889 572 1957 Πλατωνος
591 1883 734 1962 φιλοσοφί
732 1906 766 1955 ας
720 1881 819 1943 ίέν
841 1880 945 1944 ἕνδεκα
966 1889 1140 1961 κεφαλαίοις

127 1969 382 2071 περικλεισθέντα·
407 1966 499 2031 ένλ
467 1991 566 2049 μεν
536 1971 579 2028 τῶ
594 1957 805 2048 περιέχοντι
773 1989 831 2071 την
845 1967 975 2048 ἱστορίαν
989 1991 1041 2029 του
1028 1973 1138 2071 ⁸9>on

128 2049 239 2132 σόφου,
245 2053 346 2155 ἓτέρφ
364 2051 396 2116 δὲ
409 2076 441 2115 το
430 2047 578 2153 εἶδος
542 2072 594 2130 της
605 2045 831 2150 φιλοσοφίας’
795 2055 902 2154 αυτοῦ,
920 2052 972 2115 καλ
987 2053 1075 2139 τρίτην
1088 2046 1139 2116 διδι

127 2131 253 2212 τίείς
224 2162 256 2200 ιο
271 2132 455 2220 συγγράφειν
475 2123 584 2237 ηλδεν
611 2129 739 2223 τετόρτφ
757 2135 790 2200 δέ
808 2129 859 2199 διδι
874 2129 947 2199 τί
919 2160 952 2199 το
967 2115 1138 2220 διαλογικδν

127 2217 250 2296 εἶδος”
214 2246 265 2302 της
276 2223 475 2332 λογογραφίας
486 2215 665 2323 ἐπετήδευσε,
675 2221 849 2306 πέμπτω,
808 2221 842 2283 δέ
858 2223 925 2283 τίνα
935 2228 1137 2324 συμπληροῦσι

127 2300 195 2409 τρδς
212 2301 422 2414 διαλόγογς·“
405 2330 479 2392 εκτφ
492 2301 590 2369 πόθεν
600 2299 652 2380 τδις
664 2283 869 2406 διαιρέσεις
828 2328 888 2367 των
898 2302 1060 2382 Πλατωνος
1072 2309 1137 2370 δια-

128 2387 224 2492 λόγων
241 2391 392 2472 ποιητέον,
410 2370 525 2496 ἑβδόμην
542 2385 638 2452 πόθεν
654 2381 706 2462 τός
724 2382 907 2492 ἐπιγραφὰς
909 2393 1075 2500 δεῐθηρῶν,
1087 2384 1137 2474 όγ-

128 2471 188 2559 δόιγ
199 2477 253 2577 δέ,
272 2478 348 2561 ποίιγ
369 2470 468 2577 τρόπφ
489 2470 664 2572 δφηγησεως
685 2471 718 2533 έν
739 2494 800 2546 τοις
821 2468 1025 2577 διγλόγοις’
989 2501 1137 2578 κεχρηται,

127 2583 194 2621 τουτ
199 2550 284 2623 ’ἔστι
300 2563 330 2623 τί
343 2553 445 2621 ἐστιν“
431 2582 451 2637 η
463 2550 618 2658 διασκευή
642 2549 755 2641 ἒννότῳ
773 2554 805 2619 δὲ
823 2551 919 2620 πόθεν
929 2553 998 2636 τοδς
1009 2555 1138 2635 σκοποὺς

128 2648 186 2705 τῶν
204 2641 349 2726 διαλόγων
365 2641 523 2741 θηρατέον,
540 2634 654 2700 δεκότω
668 2639 715 2719 δέ,
735 2618 803 2715 ’τ’ίς
787 2666 807 2722 η
818 2638 898 2718 τόξις
909 2650 969 2707 τῶν
980 2641 1136 2745 διαλόγων,

127 2731 280 2792 τελευταιω
292 2728 339 2807 δέ
358 2742 465 2798 ποσοις
469 2743 588 2806 τροποις
603 2747 623 2784 κ
655 2724 1160 2809 ρηταιδιδασκαλίαςδδειότατος’

84 2882 90 2893 ‚
127 2793 269 2912 Πλάτων.
