2422 3758
451 151 682 221 ΛΞΙΟΧΟΣ.
881 180 890 201 ‘
1018 160 1081 227 141

155 322 192 386 X.
214 322 289 385 Σίλ.
311 316 500 395 Συυάπτεις
514 315 591 401 γάρ,
610 308 638 384 6
663 314 794 405 Ἀξίοχε,
813 316 1080 407 ἀνεπιλογίστως,

73 425 110 506 τή
130 414 282 502 στερήσει
304 420 375 483 τόν
393 413 533 499 ἀγαθῶν
552 411 759 500 ἀντεισάγωυ
779 426 894 487 κακοῖν
909 429 1078 508 αἴσθησιν,

73 511 336 599 ίαλαθόμενος”
317 539 368 580 οτι
387 515 560 598 τέθνηκας.
600 521 701 581 λυκεσ
717 513 782 602 γὰρ
801 512 863 584 τόν
880 516 1083 636 στερόμενον
1096 533 1149 589 370

71 620 136 682 τόν
152 609 326 697 ἀγαθωνή
343 609 771 733 ἀντιπόθειατωυκακων,
770 638 788 680 ο
777 609 839 680 ‘⁹6
855 612 918 682 οάκ
938 608 987 684 ἀν
1002 613 1081 686 οὐδὲ

71 736 124 799 της
134 709 321 796 στερησεως
332 706 624 795 αντιλαμβαυεται
647 734 717 788 πως
727 702 792 777 ουν
802 712 855 778 ἐπὶ
864 738 910 779 τω
921 738 966 800 μη
955 710 1081 801 παρέ-

71 817 159 892 ξουτι
169 814 298 894 γνῶσιν
311 815 380 874 των
394 808 615 894 λυπησόντων
631 802 791 894 γίνοιτ’”
769 833 843 893 ανη
830 780 962 895 ‘66663
975 808 1081 897 ἀρχήν

69 908 142 993 γάρ,
162 899 191 974 6
210 903 340 990 Ἀξίοχε,
358 931 403 990 μη
393 900 762 991 Ησυνυποτυθίμενος
745 911 837 990 αμοῦς
856 909 896 989 γέ
913 929 983 984 πως
1001 915 1081 992 μίαν

68 1013 237 1090 αἴσθησιν,
250 1000 333 1070 κατά
343 1002 380 1069 τό
393 1000 628 1090 ἀνεπιστῆμον,
641 999 755 1071 αὐτόν
765 1026 844 1070 ποτε
856 1009 1011 1089 πτυρείης
1020 1004 1080 1072 τὸυ

67 1102 233 1171 θάυατον·
268 1109 334 1168 νῦν
356 1105 392 1168 δὲ
414 1104 619 1188 περιτρέπεις
641 1101 801 1186 σεαυτόν,
824 1102 1081 1188 δειματούμενος

68 1198 341 1286 στερήσεσθαι
301 1226 358 1286 της
369 1209 486 1287 ψυχῆς,
499 1225 539 1288 τη
524 1201 588 1269 δὲ
596 1202 747 1287 στερήσει
763 1203 943 1287 περιτιθεὶς
958 1201 1078 1288 ψυχήν,

66 1300 120 1366 καὶ
129 1297 313 1418 ταρβεῑςμὲ
314 1324 336 1364 υ
346 1296 381 1365 τό
396 1324 440 1384 μη
431 1299 688 1385 αἰσθήσεσθαι,
704 1301 957 1418 καταλήψεσθαι
968 1299 1005 1368 δὲ
1018 1309 1081 1368 οίει

65 1420 128 1481 την
137 1422 202 1464 ουκ
222 1399 385 1483 ἐσομένην
403 1404 564 1482 αίσθησιυ
578 1395 747 1482 αίσθήσει
769 1397 899 1488 πρός
867 1406 915 1465 τοῦ
934 1396 1080 1477 πολλους
1096 1410 1115 1459 Β

66 1494 119 1561 καί
136 1492 261 1573 καλοὺς
278 1493 363 1561 εἶναι
380 1493 501 1580 λόγους
516 1495 592 1578 περὶ
611 1502 670 1580 τῆς
683 1492 871 1574 ἀθανασίας
888 1504 946 1615 τής
962 1503 1109 1583 ψυχης.

65 1589 107 1657 06
118 1589 184 1676 γάρ
196 1590 236 1676 δή
251 1592 361 1678 θνητή
372 1617 410 1676 γε
421 1592 523 1676 φόσις
539 1584 671 1659 *οὖσα*
688 1589 866 1660 τοσόυδ’”
843 1620 887 1660 αν
898 1591 1001 1679 ήρατο
1019 1620 1079 1680 με·
1178 1667 1180 1680 y

66 1696 278 1776 γεθουργιάς,
293 1689 377 1757 ω’στε
388 1698 641 1777 καταφρονῆσαι
651 1690 712 1776 μὲν
721 1689 1001 1778 ὑπερβαλλόντων
1011 1701 1079 1777 θη-

66 1796 238 1878 ρίωνβίας,
247 1792 554 1876 διαπεραιωσασθαι
563 1791 599 1859 66
610 1792 745 1878 πελάγη,
756 1795 933 1877 δείμασθαι
941 1790 1077 1877 δὲάστη,

65 1888 338 1974 καταστήσασθαι
353 1889 388 1957 δὲ
400 1896 575 1976 πολιτείας,
588 1887 775 1976 ἀναβλέψαι
787 1889 823 1957 δὲ
835 1895 881 1967 είς
896 1887 957 1958 τόν
972 1887 1077 1976 οάρα-

65 1985 127 2055 υδν
137 1989 193 2056 καὶ
205 1993 289 2055 ίδεῑυ
299 1987 484 2074 περιφοράς
495 1988 628 2074 ἄστρων
638 1992 694 2056 καὶ
705 1989 851 2074 δρόμους
861 1985 958 2075 ἡλίου
969 2015 1004 2056 τε
1021 1991 1076 2056 καὶ

66 2084 205 2171 σελήνης
216 2089 374 2166 ἐκλείψεις
386 2113 421 2153 τε
438 2089 493 2155 καὶ
509 2093 637 2172 ταχείας
654 2084 944 2170 ἀποκαταστάσεις,
962 2091 1076 2172 ἰσημε-

67 2188 137 2265 ρίας
145 2208 181 2249 τε
192 2184 248 2249 καί
258 2182 384 2265 τροπάς
398 2181 507 2262 διττάς
521 2189 681 2269 χειμῶνος
691 2186 747 2251 καὶ
762 2188 887 2267 θέρους
897 2185 953 2250 καὶ
963 2183 1073 2250 πλειά-
1093 2201 1110 2249 C

67 2275 133 2346 δων
149 2278 315 2360 ἀνατολαῖς
335 2308 370 2350 τε
393 2285 448 2349 καί
467 2281 580 2361 δόσεις
602 2279 744 2367 ἀνέμους
760 2307 796 2348 τε
813 2285 867 2349 καὶ
884 2282 1076 2368 καταφορᾶς

66 2372 202 2463 ὄμβρων
219 2379 274 2445 καὶ
295 2379 493 2466 πρηστήρων
515 2383 676 2461 ἐξαισίους
697 2379 856 2466 συρμοός,
879 2380 935 2447 καὶ
951 2379 992 2448 τά
1014 2388 1077 2448 τοῦ

66 2475 194 2561 κόσμου
205 2475 387 2563 παθήματα
397 2479 656 2567 παραπήξασθαι
674 2477 758 2566 πρός
774 2479 835 2547 τὸν
850 2483 966 2563 αίαῑνα,
984 2484 1015 2546 εί
1029 2478 1075 2565 μή

65 2597 94 2638 τι
103 2580 203 2640 θεῖον
215 2571 318 2653 ὅντως
329 2578 408 2662 ἐνῆν
420 2575 551 2663 πνεῦμα
561 2584 604 2665 τῇ
615 2585 714 2665 ψυχή,
727 2575 771 2644 δι’
784 2570 828 2645 06
837 2575 900 2664 τήν
910 2585 980 2645 τῶν
989 2587 1074 2663 τηλι·

66 2674 172 2737 κοόνδε
188 2676 360 2757 περίνοιαν
373 2676 429 2740 καὶ
439 2682 567 2759 γνῶσιν
582 2680 684 2762 ἔσχεν.
730 2697 733 2701 ·

147 2773 197 2835 XI.
213 2767 364 2836 Ώστε’
325 2796 386 2837 ουκ
399 2777 444 2848 είς
455 2773 607 2840 θάνατου
618 2770 693 2841 ἀλλ’
712 2779 758 2851 είς
772 2770 963 2839 ἀθανασίαν
974 2796 1074 2856 μετα-

66 2871 185 2953 βαλεῖς,
203 2892 229 2933 ω
217 2859 306 2947 Ἀξί
304 2895 369 2954 οχε,
385 2866 464 2936 οὐδὲ
478 2867 656 2956 ἀφαίρεσιν
667 2873 747 2948 ἕξεις
757 2875 826 2936 τῶν
836 2864 987 2953 ἀγαθων,
1003 2866 1071 2935 ἀλλ’

66 2965 394 3049 είλικριυεστέραυ
359 2993 421 3053 τηυ
436 2964 633 3052 ἀπόλαυσιν,
648 2965 727 3034 0666
744 2971 941 3053 μεμιγμένας
956 2973 1074 3055 θνητῷ

66 3082 190 3150 σωματι
199 3092 258 3144 τας
277 3061 410 3153 ήδουάς,
433 3064 505 3136 ἀλλ’
521 3063 686 3154 ἀκράτους
706 3065 846 3134 ἀπασῶν
862 3063 1066 3152 ἀλγηδόνων.
1087 3078 1106 3126 Ι)

65 3161 226 3230 ἐκεῖσε
186 3189 251 3250 γαρ
273 3161 381 3250 ἀφίξει
394 3154 566 3251 μονωθεὶς
582 3168 619 3234 ἐκ
636 3169 736 3253 τήσδε
752 3171 811 3253 τῆς
828 3169 966 3284 είρκτής,
985 3171 1071 3232 ἔνθα

66 3258 172 3330 ἀπουα
186 3262 294 3331 πάυτα
307 3266 362 3334 καὶ
377 3263 571 3335 ἀστένακτα·
576 3263 666 3335 ταδ’
646 3265 805 3353 αγήρατα,
816 3262 959 3352 γαληνὸς
971 3265 1009 3332 δέ
1023 3288 1071 3341 τις
