2408 3764
396 216 660 275 κατενοκα
678 209 711 289 ς’.

451 479 636 583 .ἴ·’

16 689 21 701 ’
147 670 299 770 Πλάτων
315 691 458 787 Ερμείμ
477 693 536 760 καί
556 685 712 790 Ἐράστῳ
738 695 795 761 καί
813 700 972 793 Κορίσκῳ
1070 716 1072 728 “

442 832 483 917 εά
504 849 674 939 πράττειν.

141 1045 230 1129 Ἐμοὶ
248 1034 400 1125 φαίνεται
412 1044 503 1106 θεων
519 1063 568 1117 τις
588 1035 669 1124 ὑμῖν
681 1008 787 1125 τύχην
803 1036 952 1126 ἀγαθήν,
964 1037 1008 1107 ἀν
1024 1038 1063 1110 εὖ

57 1149 212 1227 δέξησθε,
225 1138 370 1263 εὐμενῶς
379 1141 433 1206 καί
439 1143 566 1219 ’ίκανῶς
577 1141 846 1226 παρασκευάζειν.
852 1152 858 1167 ’
869 1147 986 1210 οἰκεῖτε
998 1142 1064 1229 γάρ

60 1242 102 1325 δὴ
115 1241 258 1322 γείτονές
273 1264 307 1306 τε
318 1234 395 1323 ὑμῖν
405 1235 581 1316 αὐτοῖςκαὶ
592 1245 704 1324 χρείαν
715 1237 953 1325 έχοντεςῶστε
961 1237 1065 1326 ἀλλη-

62 1343 184 1416 λονςί
153 1365 168 1404 ε
181 1364 246 1416 ςτα
236 1337 392 1424 μέγιστα
406 1337 555 1424 ἀφελεῖν
576 1335 706 1425 Ἑρμείῳ
717 1334 829 1424 μέν
789 1364 854 1422 χαρ
866 1336 942 1406 οὔτε
953 1343 1064 1406 ἳππων
1083 1363 1105 1410 υ

60 1435 242 1521 πληθος
200 1460 277 1503 ουτε
291 1434 392 1522 αλλης
402 1445 577 1524 πολεμικης
588 1442 771 1522 συμμαχίας
779 1433 855 1503 ονδ
874 1430 919 1504 αὖ
935 1446 1129 1524 χρυσοῦ

60 1536 330 1621 προσγενομένου
345 1533 467 1620 γένοιτ’
489 1530 533 1602 ἀν
549 1541 711 1621 μείζωνί
681 1562 695 1603 ε
710 1533 776 1612 ςτά
787 1534 895 1602 πάντα
913 1531 1063 1623 δύναμις,

58 1629 201 1718 ἀφίλων
213 1638 357 1720 βεβαίων
373 1659 408 1701 τε
418 1660 473 1703 και
462 1625 568 1718 ἦθος
581 1633 725 1719 ἐχόντων
742 1629 850 1717 ὑγιές·
868 1625 1010 1725 Ἐράστῳ
1029 1637 1065 1702 δε

28 1821 30 1824 y
59 1733 116 1799 καὶ
132 1738 287 1821 Κορίσκῳ
308 1731 391 1815 πρὸς
414 1739 456 1818 τῇ
476 1739 544 1798 των
563 1735 662 1799 είδαίν
678 1738 780 1820 σοφία
795 1739 837 1818 τῇ
857 1739 943 1819 καλῇ
960 1728 1064 1818 ταάτη

60 1828 146 1917 φήμ’
164 1830 240 1916 ἔχω’,
258 1837 376 1913 καίπερ
394 1834 502 1915 γέρων
520 1828 579 1915 ὤν,
596 1834 756 1914 προσδεῖν
773 1837 894 1915 σοφίας
913 1836 970 1914 τῆς
989 1832 1065 1917 περί

61 1929 139 2007 τοὺς
150 1927 318 2014 πονηροὺς
333 1933 389 1995 καί
405 1927 541 2006 ἀδίκους
557 1934 762 2014 φυλακτικῆς
780 1934 837 1995 καί
852 1955 940 2006 τινος
957 1926 1065 2015 ἀμυν-

62 2034 152 2112 τικῆς
163 2025 344 2112 δυνάμεως.
367 2025 497 2114 ἀπειροι
512 2026 577 2110 χάρ
594 2033 657 2094 είσι
676 2025 730 2093 διά
746 2026 783 2093 τὸ
801 2023 879 2113 μεθ’
897 2022 992 2112 ἡμῶν
1004 2052 1063 2112 με·
1081 2045 1101 2092 Ε

61 2131 163 2210 πρίων
184 2124 294 2192 ὄντων
314 2125 369 2193 καί
393 2121 434 2191 οά
455 2131 569 2192 κακῶν
593 2122 718 2209 συχνὸν
740 2128 981 2210 διατετριφέναι
1003 2128 1064 2189 τοῦ

63 2229 155 2309 βίον·
178 2223 229 2291 διὸ
244 2223 284 2309 δὴ
296 2223 424 2291 τούτων
435 2226 592 2305 προσδεῖν
604 2220 707 2307 εἷπον,
719 2225 774 2290 ἵνα
790 2219 833 2305 μη
852 2218 1067 2306 ἀναγκάζων-

62 2347 114 2388 ται
126 2329 183 2404 τῆς
200 2318 361 2409 ἀληθινῆς
378 2319 510 2408 ἀμελεῖν
527 2326 656 2405 σοφίας,
673 2326 731 2406 τῆς
748 2321 783 2387 δέ
801 2317 1015 2405 ἀνθρωπίνης
1030 2345 1066 2385 τε

63 2422 119 2488 καὶ
129 2415 309 2501 ἀναγκαίας
320 2421 545 2504 ἐπιμελεῖσθαι
556 2414 744 2505 μειζόνωςῆ
755 2415 812 2485 δεῖ.
834 2416 959 2504 ταύτην
974 2415 1006 2484 δ’
1021 2409 1066 2484 αὖ

62 2516 125 2604 την
143 2511 287 2598 δύναμιν
303 2512 450 2600 Ἑρμείας
471 2544 527 2602 μοι
550 2524 701 2602 φαίνεται
717 2515 818 2601 φύσει
834 2542 869 2584 τε
887 2515 951 2583 ὅσα
969 2515 1066 2606 μήπω

64 2611 341 2699 ξυχχεχονότικαὶ
352 2619 446 2701 τέχνη
463 2612 506 2681 δι’
525 2618 689 2700 ἐμπειρίας
700 2616 876 2699 εἰληφέναι.
901 2618 934 2679 τί
948 2607 1012 2678 οὖν
1024 2610 1063 2694 δη
1084 2624 1136 2676 3ῖ3

64 2717 163 2798 λέγω;
182 2711 234 2777 σοί
250 2710 322 2794 μέν,
341 2705 479 2794 Ἑρμεία,
492 2715 726 2797 πεπειραμένος
748 2709 906 2795 Ἐράστου
924 2708 979 2772 καὶ
996 2713 1067 2772 Κο-

66 2817 183 2891 ρίσκου
205 2810 328 2876 πλέονα
350 2801 372 2892 ἢ
392 2803 435 2874 σύ
458 2808 541 2891 φημὶ
561 2811 616 2873 καὶ
634 2807 749 2893 μηνύω
769 2805 825 2871 καὶ
847 2809 1002 2887 μαρτυρῶ
1023 2801 1066 2888 μη

65 2911 186 2996 ῥᾳδίως
200 2904 352 2994 εὑρήσειν
364 2924 402 2972 σε
412 2903 659 2989 ἀξιοπιστότερα
668 2905 737 2990 ἤθη
749 2900 878 2968 τούτων
889 2907 955 2967 τοῖν
965 2901 1067 2986 γειτό·

65 3031 150 3073 νων·
165 3009 297 3090 ἔχεσθαι
305 3002 345 3091 δη
357 3029 455 3072 παντι
444 3000 680 3090 ξυμβουλεύω
692 3004 805 3088 δικαίῳ
817 2999 928 3089 τρόπω
939 3000 1069 3068 τούτων

67 3131 136 3172 των
152 3101 295 3190 ἀνδρων,
319 3129 362 3189 μη
386 3104 555 3190 πάρεργον
575 3099 765 3190 ηγονμὲνῳ·
787 3105 942 3188 Κορίσκῳ
957 3099 992 3166 δε
1014 3101 1068 3167 καί

64 3200 207 3290 Ἐράστῳ
224 3202 325 3269 πάλιν
342 3197 493 3288 Ερμείου
513 3191 709 3287 ἀντέχεσθαι
727 3196 964 3284 ξάμβονλόςί
934 3223 999 3282 εμι
1014 3201 1068 3266 καί

67 3308 246 3386 πειρασθαι
257 3313 326 3379 ταις
338 3296 671 3386 ανθέξεσιναλληλων
681 3304 774 3379 είς
736 3324 815 3384 μιαν
826 3294 1006 3380 αφικεσθαι
1016 3321 1066 3380 φι
1082 3314 1102 3362 Β

66 3406 139 3484 ίίας
155 3391 398 3484 ξυμπλοκῆν.
377 3425 420 3467 αν
442 3401 481 3468 δέ
499 3425 547 3482 τις
568 3397 665 3491 ὑμων
687 3398 756 3489 ἄρα
773 3396 903 3499 ταυτην
925 3416 981 3479 πη
991 3393 1090 3455 λθειν
1174 3486 1177 3491 ¹

145 3508 236 3560 Pmo
261 3507 304 3562 VI.
751 3500 753 3506 “
917 3508 945 3559 *x
1170 3504 1177 3511 ·
