2408 3764
556 766 799 880 ΞιοΧοΣ

485 983 521 1085 [6
543 992 621 1082 περί
642 995 830 1089 θανάτου]

247 1254 255 1276 ι
336 1309 388 1363 TA
418 1306 502 1364 ΤΟΥ
525 1309 748 1366 ΔΙΑΛΟΓΟΤ
772 1306 979 1367 ΠΡΟΣΩΠΑ

115 1512 121 1523 ·
246 1475 527 1558 ΣΩΚΡΑΤΗΣ,
556 1476 801 1562 ΚΛΕΙΝΙΑΣ,
835 1471 1054 1555 ΑΞΙΟΧΟΣ.

103 1619 140 1668 St

85 1689 155 1820 666
238 1757 261 1818 1.
285 1748 422 1830 Ἐξιόντι
443 1773 500 1834 μοι
522 1749 555 1826 ές
575 1747 791 1834 Κυνόσαργες
809 1751 864 1817 καὶ
889 1755 1057 1840 γενομένῳ
1081 1738 1182 1838 [μοι]-

155 1850 237 1919 κατά
256 1850 315 1917 τὸν
332 1844 470 1917 Ἰλισσδυ
486 1848 574 1932 διῇξε
596 1844 691 1931 φωνὴ
711 1847 859 1934 βοῶντός
875 1873 946 1934 του,
970 1848 1159 1935 Σώκρατες,

154 1949 340 2034 Σώκρατες.
364 1942 408 2025 ὥς
420 1947 455 2013 δὲ
470 1944 679 2029 έπιστραφεις
691 1945 934 2029 περιεσκόπουν
951 1942 1079 2013 ὁπόθεν
1098 1956 1159 2032 εἴη,

155 2051 312 2115 Κλεινίαν
323 2042 391 2130 δρῶ
407 2042 468 2113 τόν
482 2041 627 2128 Ἀξιόχου
641 2045 765 2119 θέοντα
783 2046 823 2112 έπ
824 2046 836 2110 ί
851 2041 1061 2128 Καλλιρρόην
1077 2068 1158 2127 μετα

156 2145 323 2229 Δάμωνος
340 2149 401 2209 τοῦ
416 2148 582 2228 μουσικοῦ
600 2167 654 2207 και
644 2143 842 2228 Χαρμίδου
858 2147 919 2208 τοῦ
940 2139 1158 2218 Γλαύκωνος

151 2239 255 2324 ἤστην
272 2241 307 2307 δὲ
319 2237 408 2329 αὐτῷ
419 2264 437 2304 ο
427 2229 511 2322 ’μέν
522 2235 718 2313 διδάσκαλος
729 2244 796 2302 τῶν
807 2233 889 2302 κατά
902 2237 1076 2356 μουσικήν,
1092 2263 1110 2304 ο
1099 2234 1155 2304 δ’
1185 2300 1191 2307 .

153 2336 226 2414 ἐξ
209 2341 330 2418 εταιρεί
329 2362 367 2412 ας
383 2306 558 2420 έραστὴς
537 2356 603 2416 αμα
622 2334 677 2397 καί
696 2331 869 2417 ἐρόμενος.
898 2323 1064 2402 ἐδόκει
1023 2361 1086 2403 ουν
1102 2361 1158 2420 μοι

152 2428 307 2520 άφεμέυφ
330 2438 387 2515 τῆς
410 2426 497 2497 εόθδ
522 2422 647 2494 ὁδοῦ’
627 2435 781 2516 απαυτρῖν
801 2425 923 2512 αὐτοῖς,
943 2429 1033 2511 ὅπως
1054 2434 1158 2518 ῥάστα

152 2522 237 2614 ὁμου
224 2532 441 2612 γενοίμεθα.
466 2526 709 2608 δεδακρυμένος
721 2495 780 2594 δὲ’
766 2551 784 2593 ο
795 2533 960 2614 Κλεινίας,
971 2529 1158 2610 Σώκρατες,

105 2667 108 2673 -
151 2628 225 2712 ἔφη,
237 2632 303 2693 νῦν
314 2621 331 2692 6
343 2623 458 2708 καιρός
469 2622 724 2703 ἐνδείξασθαι
689 2650 750 2710 την
760 2621 812 2693 άεὶ
828 2627 1065 2712 θρυλουμένην
1076 2622 1158 2705 πρδς

151 2730 215 2790 σοῦ
237 2727 377 2813 σοφίαν
402 2718 420 2790 6
442 2717 507 2807 γάρ
528 2717 637 2807 πατὴρ
657 2725 693 2788 έκ
711 2747 800 2802 τινος
822 2720 964 2808 άρακίας
986 2722 1157 2837 αἰφνιδίου

150 2819 325 2900 ἀδυνάτως
336 2824 401 2907 ἔχει
412 2817 601 2910 καὶπρὸς
570 2845 615 2886 τω
603 2822 713 2889 τέλει
729 2847 789 2889 του
774 2827 842 2908 βί
841 2844 882 2886 ου
898 2811 1032 2902 έστίυ,’
1012 2822 1157 2901 αυιαρως

150 2935 185 2985 τε
207 2923 301 3005 φέρει
324 2917 386 3003 τὴν
406 2918 572 3006 τελευτήν,
597 2926 703 2987 καίτοι
724 2943 761 3002 γε
781 2914 841 2982 τὸν
862 2913 1013 3000 πρόσθεν
1033 2914 1158 2999 χρόνον

152 3010 379 3102 διαχλευάζωυ.
395 3014 473 3095 τούς
501 3010 884 3133 μορμολυττομένους
849 3037 909 3079 του
930 3008 1081 3079 θάνατον
1102 3015 1158 3081 και

117 3128 135 3177 c
152 3112 286 3199 [πράως]
300 3114 522 3193 ἐπιτωθάζων.
544 3110 746 3198 άφικόμευος
763 3101 825 3177 οὖν
842 3108 1078 3196 παρηγόρησου
1095 3107 1158 3176 αό-

152 3205 212 3276 τδν
225 3205 267 3289 ὡς
282 3209 451 3294 είωθας,“
431 3233 521 3289 οπως
538 3207 710 3278 ἀστενακτὶ
727 3205 808 3286 ές
776 3234 812 3276 το
832 3232 941 3294 χρεων
959 3215 1003 3296 ίη,
1026 3212 1085 3276 καί
1102 3232 1158 3291 μοι

69 3305 217 3504 u?
227 3322 294 3385 τοις
303 3312 456 3385 λοιποις
443 3334 498 3374 ινα
508 3309 676 3375 καὶτοῦτο
696 3303 874 3394 εὐσεβηθῄ.
893 3303 978 3375 Ἀλλ’
998 3304 1060 3375 οὐκ
1076 3303 1157 3373 άτυ-

167 3400 334 3488 ’δίσκοις
355 3397 391 3474 ιδ
401 3412 556 3494 Κλεινία,
576 3400 720 3486 οὐδενὸς
734 3410 802 3474 τῶν
821 3412 958 3494 μετρίων
979 3407 1157 3471 καὶταῦτα
