2422 3758
514 139 648 218 ὀνοι
999 146 1002 151 ·
1037 157 1082 224 ιο

153 321 324 384 Κολακεία
335 312 444 402 ὁμιλία
454 313 477 404 ὴ
488 313 572 401 πρὸς
580 312 710 405 ἡδονὴν
719 317 804 387 ἀνευ
818 327 880 387 τοῦ
892 324 1080 407 βελτίστου·

65 412 316 517 ἕξις-ὁμιλητικὴ
328 411 414 499 πρός
423 409 553 502 ὴδοιὴν
564 414 825 508 ὑπερβάλλουσα
836 414 877 486 τδ
888 423 1031 506 μέτριον.

150 512 249 599 Ὀργὴ
266 512 474 599 παράκλησις
483 521 546 583 τοῦ
559 521 710 599 θνρικοῦ
726 512 820 594 ιίςτό
832 527 1058 606 τηιυριίσθαι.

141 608 259 701 Ὕβρις
269 608 381 680 ἀδικία
391 609 475 697 πρὸς
484 608 618 697 ἀτιμίαν
628 610 787 698 φέρουσα.
1097 623 1150 680 416

147 707 308 795 Ἀκρασία
328 710 394 790 ἕξις
417 707 570 797 βιαστικὴ
593 707 683 796 παρὰ
707 708 770 777 τόν
789 707 899 797 ἀρθδν
919 715 1081 801 λογισμόν

67 809 152 897 πρὸς
161 806 205 875 τά
215 812 383 878 δοκοῦντα
392 804 474 895 ὴδόα
484 804 579 875 εἶναι.
608 854 610 859 -
720 850 723 855 -

145 906 266 987 Ὁκνος
278 903 369 994 φυγὴ
381 905 498 975 πόνον
508 903 625 994 ἀργὴς*
638 911 742 977 δειλία
749 906 964 995 ἀντιληπτικὴ
977 907 1081 998 ὁρμῆς

71 1005 195 1092 [πρώτη
209 1010 270 1073 τοῦ
284 1003 369 1074 εἶναι
386 1010 495 1094 αίτίιι].

149 1100 304 1190 Διαβολὴ
320 1102 492 1183 διάστασις
505 1102 723 1194 φίλων-λόγῳ.

150 1197 280 1286 Καιρδς
289 1203 326 1268 όν
337 1192 364 1290 ᾧ
375 1203 518 1270 ἕκαστον
526 1201 712 1289 ἐπιτήδειον
721 1210 845 1272 παθεῖν
857 1199 879 1289 ὴ
889 1210 1033 1290 ποιῆσαι.

147 1297 275 1368 Ἀδικία
290 1301 354 1380 ἕξις
365 1297 570 1387 ὑπεροπτικὴ
582 1299 708 1386 νόμων.
916 1342 918 1346 -

141 1398 278 1467 Ἕνδιια
289 1398 464 1479 ἐλάττωσις
474 1405 542 1467 ταῖν
552 1395 704 1485 ἀγαθῦν.

150 1498 304 1586 Αίσχῦνη
316 1498 423 1585 φόβος
433 1500 486 1567 ἐπὶ
497 1502 682 1588 προσδοκίᾳ
693 1499 834 1579 ἀδοξίας.

148 1593 336 1678 Ἀλαξονιία
347 1598 412 1677 ἕξις
428 1595 669 1685 προσποιητικὴ
680 1592 817 1682 ἀγαθοῦ
827 1591 848 1683 ὴ
860 1593 1001 1683 ἀγαθοῖν
1011 1605 1080 1664 τῦν

72 1693 112 1782 μὴ
122 1690 352 1781 ὑπαρχόντων.

145 1791 303 1880 Ἀμαρτία
315 1797 433 1877 πρᾶξις
442 1792 533 1879 παρά
544 1791 605 1861 τὸν
616 1790 726 1879 ὀρθόν
735 1792 907 1880 λογισμόν.

150 1892 390 1980 Φθόνοςλῦπη
401 1895 453 1961 ἐπὶ
464 1898 574 1979 φίλων
590 1888 732 1977 ἀγαθοῖς
748 1883 882 1979 ὴοόσιν
897 1887 920 1979 ὴ
937 1915 1077 1978 γεγενη-

90 1997 159 2062 ἐνοι
180 2046 187 2059 .
341 2015 346 2026 ’

68 2019 89 2080 μ
146 2021 379 2164 ’,ἀναισχυντία
389 2076 454 2157 ἕξις
470 2080 578 2162 ψυχῆς
593 2071 817 2161 ῦπομενητικὴ
830 2072 963 2155 ἀδοξίας
980 2075 1077 2141 ἕνεκα

67 2180 219 2264 κέρδους.
595 2232 603 2249 .

150 2274 329 2361 Θρασῦτης
335 2269 504 2359 ὑπερβολὴ
510 2270 663 2361 θράσους
671 2267 754 2356 πρὸς
760 2269 889 2357 φόβους
899 2266 958 2348 οῦς
965 2268 1011 2356 μὴ
1019 2273 1075 2338 δεῖ.

150 2377 327 2459 Φιλοτιμία
338 2373 402 2452 ἕξις
411 2377 519 2458 ψυχῆς
528 2367 685 2458 προετικὴ
703 2367 809 2455 πόσης
828 2369 978 2455 δαπάνης
992 2366 1077 2437 ἀνευ

63 2477 240 2558 λογισμοῦ.

148 2573 333 2655 Κακοφυία
343 2572 443 2636 κακία
453 2572 490 2635 ἐν
500 2568 602 2655 φύσει
613 2569 668 2635 καί
685 2563 828 2653 ἁμαρτία
838 2575 899 2634 τοῦ
911 2564 995 2634 κατά
1007 2565 1078 2652 φῦ-

66 2660 133 2738 σιν·
149 2667 250 2748 νόσος
259 2675 322 2735 τοῦ
331 2665 416 2736 κατὰ
428 2664 544 2754 φύσιν.

145 2764 255 2846 Ἐλπὶς
264 2769 451 2854 προσδοκία
461 2762 606 2854 ἀγαθοῦ.

149 2872 269 2934 Μανία
280 2867 345 2946 ἕξις
355 2860 527 2952 φθαρτικὴ
541 2859 692 2948 ἀληθοῦς
705 2857 912 2945 ὑπολήψεως.

149 2963 258 3035 Λαλιά
270 2962 413 3050 ἀκρασία
424 2960 529 3048 λόγου
540 2958 698 3046 [ἀλογοςλ

138 3061 354 3150 Ἐναντιότης
364 3065 432 3130 τόν
443 3057 509 3128 ὑπὸ
520 3057 559 3127 τό
572 3053 654 3125 αῦτό
668 3060 763 3143 γένος
773 3051 857 3122 κατό
867 3079 942 3122 τινα
949 3058 1077 3140 ,διαφο-

67 3159 132 3249 ράν
142 3157 365 3247 πιπτόντωνὴ
377 3164 513 3246 πλείστη
524 3155 703 3236 διάστασις.

19 3306 21 3329 2
56 3297 59 3304 ·
147 3256 370 3328 Ἀκοῦσιοντό
383 3256 472 3347 παρὰ
485 3254 931 3341 διόνοιανόποτελοόμενον.

79 3566 84 3576 ι

56 3643 60 3653 ι

151 3363 292 3428 Παιδεία
303 3357 444 3444 δύναμις
454 3353 678 3444 θεραπευτικὴ
689 3360 805 3442 ψυχῆς.
