2408 3764
99 183 162 248 188
469 182 741 243 ΑΛΚιαοον
928 162 931 167 ’
1071 197 1108 250 6

97 344 130 412 τὸ
145 342 238 454 66666
253 342 456 449 χινόμεναι,ε
443 346 470 407 εί
485 347 631 447 σφοδραί
632 369 663 409 τε
679 346 731 409 καί
745 341 901 452 διάπυροι·
919 343 1056 451 κτήσεται
1074 351 1114 413 66·

98 426 194 515 66666
204 429 220 495 6
232 431 378 533 κτώμενος
388 425 423 492 ού
441 424 587 529 θρύπτειν
597 422 666 492 666’
672 431 856 493 ἐπαιναν
823 455 860 493 τα
875 429 1011 534 παιδικά,
1029 425 1116 534 ἀλλά

98 523 228 617 μᾶλλον
227 514 351 577 κωλύων
367 514 419 576 καί
418 508 711 616 ίνδεικνύμενος,”
694 538 742 576 οτι
754 538 790 577 ου
780 507 957 616 ’βιωτὸν
919 522 1001 600 αυτῷ
1013 512 1116 592 ούτως-

99 593 228 682 έχοντι“
210 604 317 685 ωςνύν
325 599 400 701 ἔχει·
418 591 490 659 όταν
508 589 537 700 δ’
558 596 610 683 έλη
626 591 679 660 τόν
690 593 851 680 ἐρόμενον,
870 578 1006 706 χρύσετόιι
1024 594 1106 703 αύτῷ

97 678 274 792 πμρεχχυῶυ
282 688 384 761 ταῦτα,
397 675 442 744 δι’
447 668 489 744 ἀν
500 674 644 762 ἀσκηθεὶς
654 683 734 745 ἔσται
745 683 859 763 τέλειος,
871 684 950 770 τέλος
961 677 1042 746 66’
1005 693 1107 760 αυτοῖς

99 793 132 831 το
142 768 209 831 αντι
220 765 561 873 ραστουκαιέρωμενου
571 766 711 847 γενεσθαι
721 769 834 868 φίλους

183 859 310 957 XXXIV.
337 856 404 913 Τοδν
421 850 453 913 66
466 855 621 912 πολιτειῶν
637 843 752 931 φησί
720 876 772 951 τας
783 851 842 951 μὲν
846 843 1052 926 ἀνυποθέτους
1063 848 1105 915 εἲ-

99 962 158 1040 ναι,
178 931 213 1012 ἀς
229 937 261 999 ἐν
271 961 309 1020 τη
295 936 459 1019 Πολιτεία
476 937 643 1014 διεξῆλθεν·
664 929 747 997 έν
712 960 770 1038 γαρ
787 931 879 1020 ταύτῃ
894 936 1084 1019 προτέραν
1050 961 1106 1017 μεν

99 1015 253 1123 ὑπέγραψε
269 1044 324 1099 την
341 996 507 1164 ἀπόλεμον,
508 1017 662 1119 δευτέραν
678 1015 758 1082 66
727 1045 783 1100 την
799 1022 1040 1128 φλεγμαίνουσαν
1053 1021 1106 1121 κρῖ

98 1101 272 1187 πολεμικήν,
289 1094 425 1182 ζητεῖν,τ
425 1105 483 1175 ίνες
494 1094 532 1163 66
543 1096 601 1163 εἷεν
612 1105 647 1164 αἱ
654 1103 799 1183 βέλτισται
809 1104 921 1169 τούτων
931 1105 1055 1178 καὶπῶς
1066 1098 1105 1167 ἀν

100 1196 243 1252 συσταῖεν.
263 1187 323 1249 έστι
341 1185 374 1247 δέ
388 1208 447 1248 που
462 1189 673 1295 παραπλησίοις
682 1211 730 1289 τη
706 1188 916 1269 διαιρέσει
880 1214 932 1289 της
944 1193 1043 1269 ψυχῆς
1053 1187 1105 1250 καί

98 1267 118 1355 6
135 1279 265 1334 πολιτεία
283 1269 446 1376 διῃρημένη
455 1275 559 1369 τριχῆ,
578 1272 619 1345 είς
636 1295 666 1333 τε
682 1265 749 1344 τοὺς
761 1266 913 1354 φρουρούς
923 1273 975 1374 666
985 1274 1026 1346 εἰς
1036 1267 1117 1346 τούς-

99 1350 280 1453 ἐπικούρους
291 1376 342 1413 και
332 1353 399 1425 είς
415 1347 483 1425 τοὺς
498 1346 750 1457 δημιουργούς,τ
727 1380 769 1419 ων
786 1363 847 1430 τοῖς
862 1357 916 1435 μὲν
931 1349 964 1418 τδ
982 1352 1104 1460 βουλευ-

99 1447 187 1540 εσθιμ
198 1430 280 1499 καί”
260 1458 360 1534 αρχειμ
371 1429 550 1511 ἀποδίδωσι,
567 1445 628 1510 τοῖς
640 1433 713 1501 θέτο
723 1446 918 1523 προπολεμεῖν
929 1464 954 1503 ει
946 1435 1082 1519 ’6606>
1053 1436 1105 1514 069

47 1564 49 1568 ,
99 1517 174 1584 κατὰ
192 1515 224 1583 τό
241 1511 374 1624 θυμιχιόν
389 1516 550 1579 τακτέον“
501 1536 622 1620 ωσπερ
640 1530 864 1600 συμμαχοῦντας
877 1549 919 1610 τρε
906 1529 1103 1629 λοχιστικιμ·

98 1611 159 1678 τοῖς
177 1597 256 1666 66
224 1627 276 1676 τας
293 1601 423 1710 τέχνας
410 1594 508 1662 καί
477 1624 530 1674 τας
546 1597 636 1675 ἀλλας
655 1603 757 1705 666666
756 1629 806 1682 ας,
826 1604 894 1680 τοὺς
900 1587 981 1669 66''
960 1631 1104 1712 αρχοντας

100 1682 182 1790 ἀξιοῖ
193 1680 423 1789 φιλοσόφους
395 1709 471 1786 ειναι
488 1684 538 1786 καί
555 1681 755 1789 θεωρητικούς
770 1693 823 1748 τού
836 1690 956 1788 πρώτου
973 1689 1103 1794 666666.

99 1769 196 1851 μόνως
206 1766 264 1873 γὰρ
276 1766 367 1844 οὕτως
379 1763 455 1832 6666
465 1765 575 1869 τρόπον
586 1763 794 1873 666666666’
756 1765 864 1872 αυτούς
874 1769 986 1873 πύρνα·
1000 1769 1035 1836 06
1046 1770 1105 1878 χείρ

98 1879 168 1919 ποτε
179 1861 281 1919 κακῶν
292 1846 431 1957 λήξειν
399 1878 436 1916 τα
445 1849 603 1957 πράχματα
613 1847 649 1917 τά
660 1851 847 1956 ἀνθρύπινα,
858 1848 931 1916 εί
894 1880 934 1935 μη
945 1878 974 1916 οι
966 1858 1106 1935 φιλόσο·

100 1965 152 2046 φοι
163 1932 395 2043 666666666666
406 1940 437 2002 οῖ
444 1937 593 2045 λεγόμενοι
603 1931 776 2046 66666669’
746 1933 805 2002 από
815 1962 894 2013 τινος
904 1940 989 2013 θείας
999 1944 1107 2046 μοίρας

62 2058 71 2082 ι
99 2021 191 2098 ὅντως
195 2021 443 2128 φιλοσοφήσειαν.
462 2020 567 2125 66666
578 2048 637 2106 γαρ
648 2024 699 2086 καί
709 2045 781 2103 μετα
768 2017 1007 2125 δικαιοσύνηςτ
994 2022 1105 2088 επανά-

99 2104 203 2186 ξειν
170 2134 224 2183 τας
233 2105 332 2183 πόλεις
341 2134 379 2171 τα
366 2101 566 2213 τηνικοῖδε,”
550 2131 621 2172 οταν
632 2107 755 2171 ἕκαστον
765 2107 851 2208 μέρος
861 2099 1035 2210 αύτονομῇ,
1034 2105 1105 2173 ὥστε

99 2192 310 2298 προβουλεύειν
320 2186 431 2272 μέν
383 2217 452 2268 τους
462 2190 605 2297 ἀρχοντας
621 2215 674 2256 τον
661 2197 776 2271 λαού,
799 2185 868 2291 τούς
885 2192 916 2254 66
934 2190 1104 2298 συμμάχους

98 2274 213 2351 τούτοις
222 2272 377 2379 ὑπηρετεῖν
387 2277 559 2341 καὶτούτων
569 2273 783 2384 66666666666,
795 2271 907 2349 τούτοις
919 2276 950 2339 66
960 2272 1105 2379 εὐπειθῶς

100 2362 281 2423 συνέπεσθαι
297 2355 365 2435 τούς
382 2357 511 2462 λοιπούς.
532 2363 617 2424 πέντε
635 2361 668 2423 δέ
683 2378 775 2463 φησιν
792 2354 868 2422 εῖναι
878 2358 1086 2440 πολιτείας,’
1050 2386 1105 2463 την

99 2467 131 2506 τε
139 2437 399 2543 Ιἀριστοκρατικήν,
416 2438 527 2505 ὁπόταν
538 2439 598 2506 οί”
577 2461 692 2527 αριστοι
703 2461 823 2546 666666,
837 2468 888 2506 ιιαι
878 2442 1081 2529 δευτέραν
1049 2469 1104 2548 την

41 2532 43 2536 ’
99 2525 321 2628 τιμοκρατικην,
340 2529 439 2607 ’φιλοτί
438 2552 520 2631 μων
518 2523 613 2590 όντων
629 2534 689 2590 τῶν
700 2521 859 2628 ἀρχόντων,
879 2530 930 2591 καί
940 2535 1040 2613 τρίτην
1050 2526 1105 2608 την

100 2604 305 2712 ὀλιγαρχικήν,
320 2611 369 2673 καί
382 2635 453 2691 μετα
463 2608 575 2715 ταύτην
582 2607 638 2695 τὴν
649 2608 879 2717 666666666666,
896 2615 1060 2675 τελευταίαν
1072 2612 1105 2673 66

99 2688 156 2775 τὴν
167 2697 338 2799 τυραννίδα,
357 2689 527 2778 χειρίστην’
511 2693 712 2806 νπάρχονσαν.
731 2691 899 2800 ὖποχράφει
910 2697 942 2760 66
953 2695 1002 2757 καί
1014 2689 1104 2768 ἀλλας

99 2782 246 2854 πολιτείας
262 2779 291 2855 ἐξ
306 2769 526 2884 ῖιποθέσεως,ττ
503 2781 634 2843 ωνέστίν
644 2776 664 2861 6
675 2805 705 2844 τε
715 2780 747 2844 ἐν
757 2778 872 2883 Νόμοις
883 2805 933 2842 και
924 2774 1010 2859 ἡέκ
1022 2779 1103 2878 διορ-

99 2862 221 2971 θύσεως
234 2864 269 2926 έν
282 2855 510 2939 Ἐπιστολαῖς,
490 2888 511 2949 η
528 2871 631 2968 χρῆται
646 2859 720 2966 πρὸς
736 2859 788 2939 τοῖς
804 2865 994 2962 νενοσηκυίας
1005 2857 1104 2938 πόλεις

100 2943 153 3022 τοῖς
170 2949 201 3010 έν
218 2955 279 3022 τοῖς
297 2945 424 3028 Νόμοις,
441 2944 501 3058 ἤδη
519 2946 617 3052 τρί’
584 2973 674 3013 τοπον
691 2943 899 3051 ἀφωρισμένον
910 2942 1034 3047 έχιχύσας
1052 2949 1104 3010 καί

101 3025 282 3134 ἀνθρώπους
300 3029 463 3134 6066669'
443 3030 503 3094 απδ
514 3030 611 3138 πόσης
621 3029 779 3135 ἡλικίας,
764 3029 836 3095 τόστε
846 3024 921 3095 κατά
932 3024 984 3103 τὰς
996 3033 1102 3110 διαφο-

102 3110 155 3198 ράς
171 3122 222 3196 τῆς
238 3112 356 3218 φύσεως
369 3109 469 3180 αύτοῖν
486 3118 537 3179 καί
554 3125 613 3181 τῶν
630 3113 730 3221 τόπων
740 3119 873 3218 παιδείας
883 3137 913 3178 τε
922 3115 1032 3189 οἰκείας
1044 3119 1102 3178 δεῖ·

102 3207 175 3263 σθαι
186 3192 271 3261 καῖ’
254 3206 371 3303 αχωχῆς
388 3202 439 3262 καί
456 3193 658 3276 δπλίσεως.ί
627 3225 643 3262 ο
671 3199 725 3310 μὲν
736 3194 794 3284 γὰρ
804 3193 1041 3282 παραθαλάττιοι
1052 3200 1104 3262 καί

101 3279 338 3384 ναρτίλλοιντο”
317 3309 357 3346 αν
373 3285 424 3385 666
440 3292 633 3386 ναυμαχοῖεν,
649 3309 678 3347 οι
671 3284 730 3347 66
747 3285 779 3348 ἐν
798 3284 938 3386 μεσογαίην
954 3285 1118 3357 οἰκοῦντες·

99 3361 175 3448 πρός
185 3361 387 3447 πεζομαχίανε
372 3363 563 3449 αρμόττοιντο
576 3363 614 3431 66
625 3370 676 3431 καί
687 3362 836 3432 ι’ίπλισινἋ
815 3393 836 3448 η
846 3369 1045 3452 κουφοτέραν,
1064 3361 1104 3440 ἀς
