2408 3764
397 136 723 224 εαιενοαιιη.
1037 147 1079 215 τι

71 308 154 389 τούς
164 304 229 395 πρὸ
242 308 441 391 Διονυσίου,
454 300 538 371 κατὰ
549 299 658 387 νόμον
674 300 799 375 ούδένα
815 311 1004 394 κρίναντες,
1020 310 1115 379 ivan

72 405 321 494 δηδουλεύοιεν
331 403 451 490 μηδενὶ
462 399 545 489 μήτε
555 396 623 467 σύν
634 402 710 489 δίκη
720 402 802 491 μήτε
812 403 907 497 νόμην
918 405 1076 496 δεσπότη,

72 506 250 593 ἐλεύθεροι
271 501 304 574 δ’
326 501 395 572 εἶεν
416 501 525 587 πάντη
548 499 696 580 πάντως·
718 499 804 571 ὅθεν
823 509 861 575 αί
878 509 1076 594 τυραννίδες

70 609 227 693 ἐγένοντο
248 600 374 684 αύτοίς.
399 606 537 672 δουλεία
554 595 619 686 γάρ
637 599 693 667 καὶ
711 601 887 687 ἐλευθερία
902 601 1076 694 ὑπερβάλ-

70 714 178 775 λουσα
194 704 256 792 μέν
273 703 412 788 ἑκατέρα
428 696 615 783 πάγκακον,
633 701 792 784 ἔμμετρος
808 701 845 769 δὲ
861 694 949 771 ούσα
965 703 1076 775 πανά-

69 814 195 892 γαθον·
218 807 335 890 μετρία
347 796 419 869 δέ
401 825 423 885 η
440 802 513 886 θεῷ
531 792 712 881 δουλεία,”
690 820 831 883 αμετρος
841 798 912 867 δὲ’
894 826 916 887 η
928 816 1001 883 τοῖς
1013 801 1076 873 ἆυ-

69 905 239 991 θρώποις·
267 897 350 976 θεὸς
368 897 406 964 δὲ
424 893 621 1015 ἀνθρύποις
637 892 792 982 σύφροσι
813 882 928 984 νόμος,
950 897 1075 989 ἀφροτι
1089 910 1143 966 355

69 1000 237 1088 δὲηδονή.
259 995 392 1065 τούτων
403 992 445 1082 δη
462 993 567 1084 ταάτη
584 992 838 1081 πεφυκότων,α
823 990 1073 1083 ξυμβουλεύω

64 1101 300 1185 1Συρακοσίοις
310 1098 402 1182 πᾶσι,
413 1091 553 1182 φράζειν
568 1089 841 1212 παρακελεύομαι
857 1104 927 1172 τοίς
942 1098 1076 1176 Δίωνος

70 1204 186 1285 φίλοις
196 1198 328 1263 ἐκείνου
338 1193 394 1261 καί
409 1191 493 1280 ἐμὴν
509 1189 631 1278 κοινὴν
647 1190 858 1279 ξυμβουλήν·
880 1190 947 1279 έγύ
964 1191 1038 1260 δέ
1020 1218 1077 1280 ερ-

72 1291 230 1380 μηνεύσω
241 1287 555 1379 ἀέκείνοςέμπνους
566 1285 616 1358 ἀν
627 1291 684 1359 καί
694 1290 883 1377 δυνάμενος
894 1287 988 1361 εἶπεν
999 1285 1078 1359 *ἀν*

70 1399 143 1460 νύν
153 1387 342 1480 πρόςύμᾶς.
364 1385 430 1458 τίν’
445 1381 509 1458 ούν
519 1387 575 1478 δή,
586 1414 637 1470 τις
647 1383 691 1457 ἀν
701 1397 800 1478 εἴποι,
812 1391 917 1477 λόγου
928 1387 1078 1483 ἀποφαί-

70 1515 163 1559 νεται
174 1485 256 1576 ύμίν
267 1488 424 1576 περὶτῶν
434 1493 501 1555 νύν
512 1483 723 1576 παρόντωνὴ
734 1493 868 1569 Δίωνος
884 1488 1075 1578 ξυμβουλῆς

67 1588 178 1656 τόνδε.

151 1688 317 1772 Δέξασθε,
336 1674 374 1761 οἷ,
385 1681 605 1773 Συρακόσιοι,
628 1683 766 1755 πάντων
783 1692 919 1772 πρῶτον
937 1685 1074 1773 νόμους,

68 1789 188 1865 οἵτινες
212 1778 256 1852 ἀν
275 1781 359 1871 ύμίν
373 1780 569 1869 ’φαίνωνται
591 1780 636 1870 μὴ
659 1782 744 1870 πρὸς
766 1782 997 1871 χρηματισμόν
1018 1785 1111 1853 καλΒ

68 1889 217 1954 πλούτου
235 1885 414 1969 τρέψοντες
430 1879 489 1961 τὰς
508 1878 644 1967 γυιάμας
661 1877 759 1966 ύμοῖυ
780 1877 857 1968 μήτ’
881 1881 1073 1970 ἐπιθυμίαις,

67 1978 141 2050 ἀλλ’
156 1979 393 2070 όυτωντριοῖυ,
404 1981 580 2065 νυχῆςκαλ
591 1976 754 2067 σώματος,
765 1982 815 2052 έτι
826 1980 864 2047 δὲ
881 1980 1072 2067 χρημάτων,

67 2078 130 2166 τὴν
143 2085 320 2166 τῆςψυχης
336 2075 459 2164 ἀρετὴν
470 2074 687 2163 ἐντιμοτάτην
705 2081 893 2165 ποιούντες,
910 2079 1073 2165 δευτέραν

68 2177 106 2246 δέ
116 2177 179 2265 τὴν
189 2184 252 2247 τού
264 2175 427 2269 στόματος,
439 2171 507 2244 ὑτιό
518 2180 560 2265 τῇ
570 2179 630 2260 τῆς
645 2180 755 2261 ψυχῆς
771 2176 940 2265 κειμένην,
957 2181 1073 2263 τρίτην

66 2278 104 2344 δὲ
115 2278 172 2344 καὶ
187 2272 336 2363 ὑστάτην
351 2271 415 2360 την
430 2279 499 2348 τοῖν
515 2273 695 2362 χρημάτων
709 2271 819 2361 τιμήν,
838 2274 1072 2341 δουλεύουσαν

66 2379 114 2464 τῷ
126 2372 256 2458 σάματί
264 2399 300 2443 τε
311 2375 369 2443 καί
378 2378 419 2461 τῇ
434 2376 535 2461 ψυχῇ.
556 2368 642 2463 καλό
655 2372 719 2458 μὲν
729 2376 835 2441 ταῦτα
846 2367 1072 2459 ἀπεργαζόμε-

65 2496 127 2552 νος
147 2469 275 2557 θεσμδς
294 2472 397 2558 νόμος
412 2469 455 2540 ἀν
477 2470 593 2562 ὀρθοῖς
604 2470 688 2560 ὑμῖν
707 2481 758 2559 εἴη
779 2478 942 2561 κείμενος,
966 2471 1110 2553 όντωςῦ

67 2565 270 2655 εύδαίμονας
283 2565 456 2639 ἀποτελῶν
466 2570 547 2652 τούς
556 2574 765 2660 χρωμένους·
786 2568 856 2642 όδέ
873 2569 953 2652 τούς
964 2579 1073 2640 πλου-

68 2673 163 2748 σίους
174 2663 377 2755 εύδαίμονας
387 2665 560 2753 ὀνομάζων
577 2671 676 2757 λόγος
693 2669 796 2753 αύτός
812 2695 849 2738 τε
865 2669 996 2755 ἅθλιος,
1008 2695 1073 2754 γυ·

67 2771 196 2836 ναικοῖν
212 2766 270 2833 καὶ
281 2767 412 2835 παίδων
429 2760 479 2833 τόν
496 2768 596 2852 λόγος
613 2766 728 2855 ἀνους,
746 2766 827 2847 τούς
847 2769 1074 2852 πειθομένους

67 2890 102 2935 τε
113 2862 333 2953 ἀπεργάζεται
343 2862 530 2945 τοιούτους.
545 2862 598 2935 ότι
609 2863 640 2932 δ’
654 2862 767 2951 ἀληθῆ
778 2860 874 2932 ταῦτ’
888 2861 953 2950 έγοδ
963 2889 1073 2952 παρα·
1093 2927 1096 2935 .

67 2964 257 3053 κελεύομαι,
275 2962 336 3032 έάν
352 2962 524 3050 γεύσησθε
540 2968 609 3031 τοῖν
624 2969 692 3032 νῦν
708 2965 899 3050 λεγομένων
917 2967 995 3053 περὶ
1011 2963 1073 3032 νό-

67 3088 151 3149 μων,
169 3066 258 3153 έργφ
275 3060 466 3149 γνύσεσθε·
488 3056 569 3147 ἢδη
587 3060 735 3148 βάσανος
750 3057 961 3150 ἀληθεστάτη
979 3067 1075 3141 δοκεῖ

67 3167 245 3248 γίγνεσθαι
261 3167 330 3231 τῶν
347 3160 485 3231 πάντων
501 3163 589 3250 πέρι
611 3164 788 3251 δεξάμενοι
805 3163 842 3231 δέ
858 3162 939 3245 τούς
956 3162 1072 3233 τοιού-

66 3283 147 3338 τους
157 3259 294 3344 νόμους,
306 3258 423 3347 ἐπειδὴ
434 3261 563 3349 κατέχει
575 3267 735 3343 κίνδυνος
745 3259 1036 3350 Σικελίαυ,καδ”
992 3287 1072 3333 ουτε
1088 3275 1111 3325 1)

66 3361 243 3446 κρατείτεί
240 3385 354 3440 κανως
363 3384 425 3428 ουτ
445 3386 489 3428 αυ
477 3352 734 3473 διαφερόντως
742 3360 1048 3452 κρατεισθε,δίκαι
1013 3314 1144 3536 μ
