2422 3758
167 120 230 185 120
545 122 616 180 ΕΡ
625 116 782 185 Tm&

167 279 231 349 οάκ
244 287 327 367 ἔχων
339 278 470 351 ὁπόθεν
479 277 662 366 ἀναλίσκοι,
680 276 755 347 οὐδ’
773 276 818 349 ἀν
833 281 1094 367 διαπράττεσθαι
1111 282 1176 351 δώ·

168 405 262 448 ναιιο
272 376 294 446 ἀ
304 380 471 466 βούλεται,
484 376 565 447 ὥστ’
577 377 641 447 οάκ
652 374 696 446 ἀν
708 375 789 446 οάδέ
804 380 1031 466 ἐξαμαρτάνοι.
1054 379 1109 448 διδ
1118 382 1175 450 καὶ

168 486 335 547 λνσιτελοί
351 474 397 545 ἀν
418 483 465 566 τῷ
488 473 661 565 ἀνθρώπμ
689 483 818 562 μᾶλλον
839 480 884 564 μὴ
906 476 990 546 εἶναι
1010 486 1173 570 πλουσίω,

168 566 808 661 είπερῆττονδιαπράξετοιιάβοώλεται·
830 575 986 662 βούλεται
996 577 1033 645 δέ
1044 586 1175 664 μοχθη-

167 671 222 755 ρά.
249 674 304 740 καλ
323 674 426 740 πάλιν
441 666 487 740 αά
501 672 540 741 τό
561 685 675 741 νοσείν
690 672 833 760 πότερον
851 667 896 740 ἀν
912 680 1013 760 φαίης
1029 672 1137 743 κακῶν
1152 669 1175 761 ἢ

167 766 306 859 ἀμαθῶνΙ
321 767 420 849 είναι;
435 768 554 837 Κακὸν
573 775 686 855 έγωχε.
720 776 763 838 Τί
779 772 818 838 δέ
823 797 834 850 ς
856 773 998 839 δοκοῦσί
1014 774 1101 850 τινές
1121 790 1175 839 σοι

128 887 149 936 Β
168 863 320 951 ἀκρατεῖς
341 866 424 935 εἶναι
445 866 638 950 ἀνθρώποις
657 867 802 953 Ἴδμοιηε.
836 865 974 936 Οάκοῶν
994 874 1026 937 εί
1044 875 1176 956 βέλτιον

170 972 220 1049 είη
241 962 325 1051 πρὸς
341 962 471 1051 ὑγίειαν
486 963 595 1052 τούτῳ
613 971 660 1053 τῶ
681 960 862 1055 ἀνθρώπω,
879 961 1060 1051 ἀντέχεσθαι
1075 972 1176 1034 σίτων

169 1063 224 1129 καὶ
234 1070 347 1128 ποτῶν
357 1063 413 1129 καί
422 1068 491 1128 τῶν
501 1059 614 1129 ἀλλων
621 1067 692 1128 τῶν
705 1058 813 1147 ἡδέων
829 1063 1025 1131 δοκούντων
1043 1061 1137 1149 εἶναι,
1156 1060 1175 1131 ὁ

170 1160 207 1226 δὲ
217 1156 261 1245 μη
276 1153 387 1236 οἷόςώ
398 1167 449 1242 είη
461 1155 508 1224 δι’
525 1155 714 1243 ἀκράτειαν,
731 1161 862 1244 βέλτιον
875 1154 921 1241 ἀν
937 1169 988 1247 είη
1003 1159 1111 1250 τούτῳ
1128 1166 1176 1248 τῶ

171 1254 343 1344 ἀνθρώπῳ
363 1255 407 1341 μὴ
429 1253 589 1340 ὑπάρχειν
605 1253 736 1323 ὁπόθεν
755 1259 954 1342 ἐκποριελται
970 1264 1074 1326 ταῦτα
1090 1264 1177 1343 μᾶλ-

171 1361 242 1436 λον,
252 1348 275 1437 ἦ
285 1350 413 1438 πολλὴν
419 1359 614 1440 περιουσίαν
621 1352 706 1422 εἶναι
716 1359 785 1421 τῶν
794 1357 1004 1442 ἐπιτηδείωνς
1015 1352 1104 1422 οὕτω
1111 1352 1177 1440 μάρ

171 1446 216 1517 ἀν
230 1447 320 1538 αὐτῷ
339 1448 402 1518 οὐκ
421 1453 554 1530 ἐξουσία
571 1461 621 1539 είη
637 1451 884 1538 ἐξαμαρτάνειν,
902 1449 978 1521 οὐδ’
995 1457 1027 1520 εί
1044 1451 1178 1537 σφόδρα

171 1547 337 1632 βούλοιτο.

254 1648 320 1713 XII.
341 1642 465 1713 Ἐδόκει
483 1638 547 1714 οὖν
557 1638 598 1714 εὖ
614 1648 670 1714 καί
683 1655 794 1727 καλῶς
810 1648 988 1731 διειλέχθαι
1005 1644 1024 1713 ὁ
1041 1650 1180 1730 Κριτίας

133 1761 152 1810 c
172 1741 288 1827 οὕτως,
308 1738 387 1809 ὅστ’
409 1749 442 1811 εί
455 1741 500 1830 μὴ
518 1740 679 1831 ᾐσχύνετο
695 1743 774 1824 τοδς
793 1740 960 1830 παρόντας
981 1739 1000 1808 ὁ
1020 1739 1178 1826 Ἐρυξίας,

171 1830 271 1907 οὐδὲν
292 1838 398 1909 αὐτὸν
418 1842 566 1910 ἐκώλυεν
584 1839 773 1911 ἀναστάντα
792 1841 928 1909 τύπτειν
942 1836 1003 1907 τὸν
1018 1844 1177 1921 Κριτίαν·

171 1935 278 2018 οὕτως
289 1937 371 2026 ᾤετο
382 1940 531 2026 μεγάλου
545 1938 635 2018 τινὸς
650 1942 859 2026 ἐστερῆσθαι,
876 1938 947 2006 ἐπεὶ
962 1933 1053 2024 αὐτῷ
1071 1960 1180 2021 φανε-

172 2033 235 2123 ρὸν
245 2038 384 2121 ἐγένετο,
397 2034 449 2104 ὅτι
459 2035 523 2106 οὐκ
535 2035 650 2122 ὀρθῶς
659 2035 696 2105 τό
710 2036 875 2122 πρότερον
888 2032 1019 2114 ἐδόξαζε
1029 2034 1179 2121 περὶτοῦ

173 2141 338 2201 πλουτεῖν.
359 2132 565 2220 καταμαθών
575 2135 609 2202 δ’
619 2132 684 2219 ἐγώ
698 2133 806 2213 οὕτως
820 2138 936 2220 έχοντα
952 2132 1013 2201 τὸν
1026 2124 1192 2215 Ἐρυξίαν”

172 2232 228 2297 καὶ
237 2228 493 2322 εὐλαβούμενος,
504 2231 549 2319 μὴ
562 2235 760 2318 πορρωτέρω
776 2257 825 2309 τις
841 2234 990 2315 λοιδορία
1006 2230 1062 2296 καί
1076 2233 1179 2296 ἐναν-

173 2335 281 2406 τίωσις
291 2334 430 2415 γένοιτο,
445 2331 587 2399 Τοντονλ
596 2327 658 2417 μέν
674 2326 734 2397 τὸν
750 2328 864 2413 λόγον,
874 2333 961 2414 ἐφην
971 2325 1047 2411 ἐγώ,
1060 2325 1179 2411 πρώην

137 2442 159 2491 Ι)
172 2431 209 2494 ἐν
218 2434 350 2515 Λυκείῳ
361 2427 446 2515 ἀνὴρ
457 2427 564 2516 σοφὸς
571 2433 677 2516 λέγων
682 2429 848 2514 Πρόδικος
858 2425 877 2496 ὁ
888 2435 987 2506 Κεῖος
995 2428 1104 2497 ἐδόκει
1110 2439 1179 2504 τοῖς

171 2529 318 2610 παροῦσι
328 2532 492 2613 φλυαρεῖν
503 2525 619 2612 οὕτως,
637 2525 722 2594 ῶστε
738 2530 864 2612 μηδένα
881 2525 1052 2593 δύνασθαι
1068 2537 1174 2591 πείσαι

172 2627 242 2691 τῶν
251 2621 438 2707 παρόντων,
458 2620 502 2702 ῶς
517 2621 629 2710 ἀληθῆ
643 2627 743 2709 λέγει·
761 2624 817 2691 καί
833 2628 916 2710 δῆτα
932 2624 988 2690 καί
1006 2620 1168 2708 μειράκιόν

173 2745 204 2788 τι
215 2719 438 2806 σφόδρα-νέον
448 2718 640 2805 προσελθὸν
649 2722 706 2789 καί
720 2722 898 2808 στωμύλον
913 2718 1161 2807 προσκαθιζόμε

171 2845 235 2887 νον
245 2822 402 2904 κατεγέλα
411 2844 447 2887 τε
457 2822 513 2888 καί
527 2820 678 2906 ἐχλεύαζε
690 2823 746 2890 καὶ
762 2826 866 2889 ἐσειεν
882 2816 998 2903 αὐτόν,
1013 2818 1156 2905 βονλόμε

172 2943 235 2985 νον
244 2918 348 3002 λόγον
358 2917 541 3005 λαμβάνειν
551 2911 601 2986 ῶν
612 2924 717 3004 έλεγε·
739 2920 795 2986 καὶ
804 2921 917 3003 μέντοι
927 2918 983 2984 καὶ
994 2914 1083 2984 πολι)
1093 2924 1150 3002 μάλ

173 3024 235 3083 λον
244 3012 440 3099 εὐδοκίμησε
450 3013 542 3101 παρά
552 3028 620 3096 τοῖς
630 3014 854 3101 ἀκροωμένοις
867 3013 952 3100 ἤπερ
968 3012 986 3082 ὁ
1004 3012 1143 3099 Πρόδικι

170 3106 239 3197 'Ao’
252 3105 328 3197 οὖν,
340 3110 434 3198 ἐφηὸ
451 3111 711 3201 Ἐρασίστρατος,
730 3118 816 3200 ἐχοις
828 3108 872 3181 ἀν
886 3110 967 3200 ἡμῖν
983 3109 1138 3197 ἀπαγγελί

138 3229 159 3279 Ε
176 3209 235 3278 τὸν
245 3211 474 3297 λόγονςΠάνν
483 3214 547 3298 μὲν
557 3205 632 3301 οὖν,
644 3210 705 3281 ἐῶν
716 3211 781 3298 ἀρα
791 3210 1015 3298 ἀναμνησθῶ·
1038 3206 1099 3278 ώδλ
1116 3237 1129 3296 χ

161 3330 247 3390 πως,
261 3306 311 3386 ῶν
320 3300 457 3398 ἐγῷμαι,
470 3308 566 3398 εἶχεν.
