2422 3758
342 176 350 191 '
420 193 732 274 ειτιενοκειξ.
1043 202 1086 268 ⁴0

66 390 152 454 φετο
166 367 366 453 Διονυσίφ·
388 358 453 430 ὁδ’
473 358 631 447 ἀκούσας,
650 359 702 429 ότι
719 361 810 451 παρὰ
826 364 996 451 Θεοδότην
1013 375 1086 454 είην

68 461 321 549 εἰσεληλυθώς,
336 459 509 581 πρόφασιν
521 451 567 526 οῦ
584 460 710 545 ταύτην
728 457 835 547 όλλην
851 468 911 547 τῆς
927 461 1013 551 πρός
1029 464 1086 551 ἐμὲ

65 566 246 683 διαφοράς
258 558 485 645 ποιούμενος,
507 554 661 644 άδελφὴν
682 562 741 643 τῆς
763 558 933 648 πρόσθεν,
957 565 1119 649 πέμψαςε

64 659 144 729 τινὰ
164 657 288 746 ἠρώτα
303 681 391 743 με,ε
375 651 682 741 ω”ξυγγενοίμην
661 680 767 735 οντως
785 663 1086 748 μεταπεμψαμένου

66 784 107 845 με
124 751 456 841 Θεοδότου·.κάγω’,
473 754 695 841 παντάπασιν,
714 759 816 842 έφην·
842 753 860 824 6
879 761 932 846 δέ,
955 761 1087 828 ἐκέλευε

67 863 204 943 τοίνυν,
213 859 293 941 ἔφη,
301 855 356 921 σοὶ
363 853 514 942 φράζειν,
527 851 580 921 ότι
591 860 702 934 καλῶς
711 852 846 945 οὐδαμῇ
856 873 962 939 ποιεῖς
969 866 1087 928 Δίωνα

69 960 122 1027 καὶ
133 959 224 1036 τοῦς
236 961 375 1034 ΔίωνοςΙ
381 961 504 1041 φίλους
515 951 567 1021 ἀεὶ
579 956 662 1043 περὶ·
667 961 821 1037 πλείονος
838 954 948 1026 αὐτοῦ
962 963 1085 1029 ποιοῦ-

70 1083 183 1145 mog.
207 1051 306 1122 ταῦτ’
321 1053 462 1141 ἐρρήθη,
475 1056 531 1120 καί
542 1050 656 1122 οῦκέτι
671 1054 901 1143 μετεπέμψατό
913 1083 955 1142 με
967 1063 1014 1138 είς
1024 1056 1086 1144 τὴν

71 1165 210 1242 οίκησιν
230 1151 343 1238 πάλιν,
362 1149 407 1231 ὡς
423 1149 490 1238 ἥδη
507 1158 624 1237 σαφῦς
640 1153 810 1221 Θεοδότου
826 1155 889 1241 μέν
905 1153 1003 1237 ὄντος
1020 1182 1086 1244 μου

71 1257 126 1322 καί
142 1251 370 1341 Ἡρακλείδου
388 1255 502 1337 φίλου,
523 1247 632 1318 αῦτοῦ
650 1248 683 1319 δ’
707 1254 845 1342 έχθροῦ,
862 1259 919 1323 καί
941 1253 1005 1324 οῦκ
1029 1252 1088 1323 εῦ-

72 1366 167 1420 νοείν
189 1346 277 1443 ᾤετό
299 1376 351 1438 με,
373 1347 425 1417 ότι
443 1355 552 1417 Δίωνι
570 1348 610 1417 τά
627 1350 778 1437 χρήματα
795 1356 887 1441 έρρει
905 1360 1086 1435 παντελῶς.

74 1449 187 1544 ᾤκουν
198 1449 243 1535 δὴ
255 1446 294 1517 τό
306 1447 389 1536 μετά
399 1455 499 1516 τοῦτο
511 1454 573 1530 ἔξω
590 1456 648 1535 τῆς
659 1448 874 1538 ἀκροπόλεως
892 1453 930 1519 έν
944 1466 1014 1532 τοῖς
1030 1479 1087 1540 μι-
1105 1445 1159 1542 35η

73 1551 286 1638 σθοφόροις·
310 1549 508 1635 προσιόντες
518 1551 559 1616 δέ
567 1573 623 1634 μοι
635 1547 730 1616 ἄλλοι
742 1574 778 1616 τε
789 1551 845 1617 καὶ
862 1553 898 1617 ot
911 1557 980 1618 τῦν
997 1548 1088 1638 ὑπη-

75 1654 200 1735 ρεσιῦν
224 1644 322 1729 ὄντες
341 1646 535 1735 Ἀθήνηθεν
552 1650 625 1734 ἐμοὶ
645 1657 776 1716 πολῖται
793 1648 1016 1738 ἀπήγγελλον,
1035 1649 1088 1720 ότι

75 1748 341 1835 διαβεβλημένος
352 1755 425 1832 είην
436 1749 752 1826 έντοῑςπελτασταίς
762 1752 883 1833 καίμοί
891 1773 979 1828 τινες
991 1745 1088 1816 άπει-
1140 1769 1146 1775 ·

75 1857 175 1935 λοτεν,
194 1853 232 1914 εί
253 1869 321 1913 που
339 1846 507 1932 λήψονταί
519 1872 571 1933 με,
590 1849 801 1932 διαφθερεῖν.
829 1849 1087 1934 μηχανωμαιδή
1161 1896 1164 1905 ·

77 1973 150 2015 τινα
165 1945 309 2015 τοιάνδε
319 1951 497 2032 σωτηρίαν.
519 1951 637 2031 πέμπω
652 1942 734 2032 παρ’
755 1941 918 2033 Ἀρχύτην
935 1947 991 2013 καί
1008 1946 1088 2027 τοῦς

74 2043 200 2126 ἄλλους
213 2047 380 2130 φίλουςί
350 2068 365 2110 ε
379 2069 396 2122 ς
410 2041 576 2130 Τάραντα,
589 2041 727 2129 φράζων
738 2043 776 2109 έν
787 2036 882 2122 οἱςἋ
855 2068 905 2109 ων
916 2041 1087 2129 τυγχάνω·

75 2151 108 2213 οί
125 2145 166 2213 δὲ
188 2141 367 2231 πρόφασίν
388 2166 465 2208 τινα
486 2149 664 2230 πρεσβείας
680 2141 901 2230 πορισάμενοι
922 2141 1013 2230 παρά
1030 2168 1089 2261 της

75 2245 206 2323 πόλεως
217 2244 387 2327 πέμπουσι
398 2238 641 2329 τριακόντορόν
658 2266 694 2308 τε
710 2243 766 2307 καί
782 2247 957 2327 Λαμίσκον
974 2236 1122 2319 αῦτῦνΒ

76 2345 140 2431 ἕνα,
164 2339 209 2422 ὃς
231 2337 346 2408 έλθῦν
368 2341 474 2406 έδεῑτο
486 2344 676 2407 Διονυσίου
698 2340 775 2427 περὶ
796 2341 880 2426 ἐμοῦ
897 2338 1057 2460 λέγων,”
1036 2364 1088 2408 οτι

77 2447 268 2528 βουλοίμην
279 2434 423 2525 ἀπιέναι,
436 2439 492 2505 καὶ
503 2443 663 2525 μηδαμῦς
675 2435 913 2519 άλλωςποιεῖν·
927 2434 995 2506 οδ
1007 2443 1089 2519 ξυν-

76 2539 275 2628 ομολόγησε
286 2539 342 2605 καί
356 2534 552 2624 ἀπέπεμψεν
568 2537 691 2624 ἐφόδια
707 2538 800 2629 δοός,
818 2544 887 2605 τοῖν
906 2543 1040 2617 Δίωνος
1051 2536 1089 2604 δὲ

75 2640 258 2727 χρημάτων
264 2633 334 2704 οῦδ
347 2634 412 2721 έγά
423 2661 456 2703 τι
467 2634 620 2726 άπῄτουν
630 2637 710 2705 οῦτε
720 2661 770 2717 τις
780 2633 963 2704 ἀπέδωκεν.
976 2633 1089 2702 ἐλθόν

75 2737 109 2804 66
123 2745 174 2820 είς
187 2733 460 2820 Πελοπόννησον
477 2740 524 2814 είς
542 2732 736 2822 Ὀλυμπίαν,
756 2740 873 2802 Δίωνα
890 2732 1088 2819 καταλαβών

74 2844 293 2927 θεωροῦντα,
310 2833 477 2921 ἤγγελλον
493 2832 534 2901 τά
548 2835 727 2920 γεγονότα·
752 2831 770 2899 6
794 2833 832 2898 δὲ
854 2828 915 2897 τόν
928 2835 997 2898 Δία
1014 2833 1088 2897 έπι-

77 2937 336 3027 μαρτυράμενος
356 2930 465 3013 εῦθῦς
485 2933 716 3019 παρήγγελλεν
739 2931 818 3017 ἐμοὶΙ
830 2930 886 2996 καί
904 2941 977 3009 ’τοϊς
998 2930 1089 3016 έμοίς

77 3042 213 3117 οίκείοις
229 3036 288 3104 καὶ
306 3039 418 3119 φίλοις
434 3033 747 3121 παρασκευάζεσθαι
762 3039 982 3118 τιμωρεῖσθαι
999 3040 1084 3098 Διο-
1103 3043 1122 3094 G

77 3135 210 3222 νόσιον,
228 3131 318 3221 ἡμᾶς
336 3131 398 3220 μὲν
416 3138 611 3214 ξεναπατίας
627 3132 737 3219 χάριν,
757 3128 847 3198 οῦτω
863 3127 928 3216 γὰρ
945 3131 1038 3214 ἔλεγέ
1051 3153 1087 3195 τε

41 3239 127 3304 ’καὶ
137 3229 410 3321 ένόει,αῦτδνδ’
429 3235 568 3321 ἐκβολῆς
586 3230 705 3301 ἀδίκου
723 3234 778 3299 καὶ
794 3256 916 3317 φυγης.
940 3225 1088 3306 άκοόσας

41 3322 45 3387 Ι
79 3332 106 3399 δ’
119 3335 190 3422 έγω
202 3331 287 3414 τοῦς
303 3333 368 3419 μὲν
383 3338 507 3419 φίλους
525 3340 731 3422 παρακαλειν
748 3327 854 3399 αὐτόν
871 3328 1092 3414 έκέλευον,εί

23 3468 45 3599 β
80 3434 259 3578 Μβιΐοθ
264 3429 402 3579 ‘Wlffl
415 3430 548 3503 εἶπον
522 3460 577 3506 οτι
593 3436 639 3508 οῦ
651 3462 738 3529 μετα
749 3463 822 3515 των
834 3431 952 3592 αλλωγ
965 3420 1119 3520 βίητοοὶι
