2408 3764
403 208 728 268 ΔΗΜΟΔΟΚΟΣ.
1025 206 1065 270 93

64 369 178 450 λιιανδς
187 367 231 455 δή
241 366 309 436 πού
320 369 388 435 ἐστι
401 368 456 434 καὶ
473 361 518 445 εἷς
535 372 778 452 ξυμβουλεῦσαι
797 375 876 452 [τοῖς
894 371 1066 455 ἐπισταμέ-

64 477 144 554 νοις]
167 465 259 554 ὑμῖν.
285 460 308 551 ἢ
333 460 500 531 οάταύτά
520 466 555 530 οῖ
573 463 783 548 ἐπιστάμενοι
802 467 1066 554 ξυμβουλεύουσι

64 570 200 650 πάντεςς
226 563 307 633 ὥστ’
328 560 541 651 ἀκούσαντας
557 558 645 647 ὑμᾶς
658 563 781 630 τούτου
801 561 1068 634 ἀπαλλάττεσθαι

65 667 234 752 προσήκει.
255 656 367 730 νάνδ’
379 656 420 728 ού
439 673 560 728 ποιεῖτε
575 667 685 745 τοῦτο,
704 657 788 729 ἀλλά
804 661 968 748 βούλεσθε
986 671 1068 731 πολ-

66 772 133 833 λῶν
144 756 443 848 ξυμβουλενόνεων
453 755 599 826 ἀκούειν.
621 756 738 845 ούγάρ
754 756 1004 846 ὑπολαμβάνετε
1021 767 1069 829 εῖ-

66 866 158 930 δύναι
166 858 246 939 τούς
254 861 501 945 ἐπιχειροῦντας
508 856 588 944 ὑμῖν
596 858 833 946 ξυμβουλεύειν
842 863 917 942 περὶ
929 854 978 928 ἀν
988 868 1069 948 ξυμ-

66 959 298 1048 βουλεύαυσιν.
316 963 349 1026 εἰ
361 957 426 1043 γάρ
437 954 686 1045 ὑπελαμβάνετε
696 963 818 1028 εἰδέναι
829 959 907 1036 τοὺς
923 959 1069 1043 ξυμβου-

66 1060 227 1137 λεύοντος
237 1054 326 1145 ὑμῖν,
339 1055 414 1136 §vag
424 1057 531 1144 μάνου
542 1055 726 1127 ἀκούοασιν
737 1059 864 1145 ἐξήρκει
874 1050 918 1123 ἀν
928 1053 1017 1142 ὑμῖν.
1029 1055 1065 1121 τὸ
1085 1069 1136 1125 381

66 1152 132 1227 οὖν
143 1159 359 1241 ξυνάρχεσθαι
369 1152 616 1241 ἀκουσομένους
626 1153 670 1243 μὴ
683 1155 830 1242 εῖδότων,
841 1151 886 1235 ἀς
896 1153 1069 1241 προῦργου

66 1283 97 1324 τι
109 1262 296 1340 ποιοῦντας,
307 1261 378 1333 πῶς
389 1252 452 1322 οάκ
463 1254 590 1323 ἀτοπύν
603 1256 686 1336 ἐστις
699 1255 754 1323 καὶ
764 1257 839 1342 περὶ
849 1252 910 1341 μὲν
920 1260 980 1340 τῆς
990 1259 1070 1333 ξυν-

68 1353 153 1422 όδον
165 1351 508 1442 ἀμύνάποράταύτρ.

154 1456 191 1520 11.
217 1454 301 1538 Περὶ
322 1453 359 1521 δὲ
382 1461 439 1538 τῆς
460 1460 530 1521 τάν
549 1453 712 1538 οἰομένων
730 1449 810 1538 ὑμῖν
829 1449 1070 1539 ξυμβουλεύειν

68 1558 256 1637 προθυμίας
267 1549 411 1618 ἐκεῖνο”
387 1574 525 1674 απορον.
548 1555 579 1618 εἰ
592 1547 703 1636 μὲν
663 1574 728 1635 γαρ
745 1547 789 1636 μὴ
801 1545 903 1618 ταάτά
923 1554 1070 1635 ξυμβου-

68 1650 203 1719 λεύουωι
213 1653 289 1732 περὶ
298 1673 365 1718 των
376 1647 489 1717 αὐτῶν
499 1648 790 1736 ξυμβουλεύοντες,
802 1657 872 1727 κοῖς
889 1644 932 1715 ἀν
949 1649 1070 1727 πάντες

21 1754 176 1827 καλῶς
186 1748 454 1834 ξυμβουλεύοιεν,
466 1773 511 1833 μη
500 1744 835 1866 ξυμβουλεύοντες
821 1775 841 1812 α
836 1747 1071 1834 ξυμβουλεύω

70 1842 210 1932 ὁδρθάς
221 1839 517 1932 ξυμβουλεύωνς
494 1864 525 1930 η
531 1851 602 1923 πῶς
616 1842 678 1912 οάκ
689 1838 733 1910 ἀν
743 1842 865 1922 ἀτοπος
883 1841 968 1930 εῖιγ
948 1871 969 1930 η
985 1868 1068 1930 προ-

69 1949 174 2030 θυμία
183 1951 253 2011 τοῖν
263 1946 555 2030 προθυμουμένων
572 1941 811 2029 ξυμβουλεύειν
827 1944 902 2024 περὶ
913 1933 963 2009 ἀν
974 1939 1069 2010 ἀπεί·
1087 1950 1106 1999 Β

69 2067 132 2125 ρως
149 2046 297 2128 δχουσινς
320 2039 361 2108 ού
382 2039 447 2126 γάρ
469 2038 508 2126 δὴ
530 2037 718 2125 ἔμπειροι”
697 2064 792 2118 οντες
812 2039 1070 2126 προαιρήσουται

21 2136 495 2229 ξυμβουλεύεινμὴάρθοδς.
513 2143 544 2205 εἰ
530 2138 590 2205 ἰ’δ
608 2130 654 2202 αὖ
671 2133 774 2204 ταάτά
793 2136 1068 2224 ξυμβουλεάουυι,

68 2264 96 2304 τι
90 2241 172 2305 ’δεῖ
189 2237 315 2315 πάντας
338 2233 460 2316 αάτοάς
481 2234 734 2322 ξυμβουλεύειν;
758 2227 858 2313 εἷς
819 2260 884 2320 γαρ
901 2231 1013 2302 αὐτῶν
1029 2233 1067 2302 τά

67 2332 152 2402 αὐτά
170 2336 434 2453 ξυμβουλεύωνλ
431 2333 534 2415 κανός
548 2340 645 2402 ἔσται.
666 2358 704 2402 το
716 2358 780 2401 ουν
789 2358 927 2401 τοιαυτα
937 2343 1071 2416 προθυ

67 2429 241 2550 μεῖσθαι,
227 2458 248 2496 α
242 2429 359 2502 οὐδὲν
374 2434 548 2536 προύργου
562 2428 605 2501 ἀν
624 2434 764 2519 γένοιτο,
780 2440 850 2512 πῶς
865 2429 908 2501 ού
923 2441 1069 2518 γελοῖον;

67 2530 146 2598 οὔτε
157 2520 222 2613 οὖν
231 2525 253 2613 ἡ
263 2553 330 2597 των
339 2528 484 2616 ἀπείρων
494 2541 668 2618 προθυμια
674 2557 737 2600 ουκ
748 2527 791 2599 ἀν
800 2530 923 2610 ἀτοπος
933 2538 993 2617 εάγ,
1006 2558 1069 2599 τοι·

67 2630 153 2715 αύτη
173 2652 212 2712 γε
228 2618 324 2705 οὖσα,
350 2628 426 2696 οὔτε
447 2635 482 2699 οῖ
499 2625 699 2718 ἔμφρουες”
676 2655 721 2698 αν
737 2637 874 2698 τοιαῦτα
889 2639 1105 2713 ειρυθυμησῖἸ

68 2736 172 2812 θεῖεν,
186 2750 202 2792 ε
203 2723 343 2803 ἰδύτες“
323 2750 374 2792 οτι
384 2726 438 2792 καὶ
450 2723 495 2805 εἷς
508 2754 556 2806 τις
567 2727 678 2795 αὐτοῖν
694 2725 731 2795 τὸ
750 2726 833 2793 αὐτὸ
851 2728 977 2810 πράξει,
988 2724 1077 2810 ξυμ-

69 2824 244 2911 βουλεύειν
259 2849 298 2910 γε
319 2821 364 2904 ἀς
384 2824 552 2909 προσήκει.
576 2823 661 2892 ὥστε
676 2831 746 2901 πῶς
762 2821 804 2890 ού
820 2829 933 2908 γελοία
950 2819 1070 2907 §aalma

69 2929 243 3008 προθυμία
257 2926 326 2990 τάν
336 2923 499 3009 οἰομένων
512 2919 594 3007 ὑμῖν
608 2921 859 3008 ξυμβουλεύειν,
872 2916 912 2987 ού
926 2918 1071 3006 δύναμαι

69 3017 108 3086 εὖ
130 3033 188 3087 εῖν.

108 3044 128 3105 ρ
151 3120 202 3184 ΠΙ,
228 3115 273 3186 ’.Πὸ
293 3120 330 3185 δὲ
350 3119 426 3203 περὶ
442 3110 626 3204 ῖῆςψήφου
641 3107 682 3204 ἧς
697 3119 812 3204 φέρειν
824 3121 1021 3206 διανοεῖσθε,
1041 3126 1075 3187 τί

69 3214 220 3298 δύναται,
229 3215 347 3302 ἀποροά
358 3215 506 3302 μάλιστα.
523 3215 665 3304 πότερον
681 3215 746 3303 γάρ
763 3215 841 3296 τούς
852 3217 979 3296 εἰδότας
989 3223 1072 3304 ξυμ-

69 3311 245 3399 βουλεύειν
265 3327 423 3400 κρινεῖτε;
445 3311 517 3382 ἀλλ’
536 3313 578 3382 οά
599 3321 748 3396 πλείονες
769 3313 844 3396 ἑνὸς
863 3318 1071 3403 ξυμβουλεύ-
1135 3330 1140 3339 “

68 3430 196 3496 νουσιν,
208 3409 287 3480 οὐδὲ
298 3409 404 3493 ἄλλως
414 3416 470 3482 καῖ
481 3411 588 3498 άλλως
602 3416 680 3504 περὶ
688 3421 755 3495 τοῦ
762 3412 885 3485 αὐτοῦ’
910 3413 1091 3489 διοπετεῖ-,δι
