2408 3764
412 199 682 267 ναιετοπει
695 189 744 276 η’.
1026 194 1070 260 σε
1113 274 1116 283 1

63 364 271 450 αποθέσεας,
294 357 334 429 τά
356 359 394 427 δὲ
416 357 527 445 μύρτα
549 354 756 425 ἀποτεθέντα
774 358 963 444 κατεσάπη·
991 355 1067 427 ἀλλ’
1121 419 1125 426 .

64 455 170 542 αὖθις
180 465 313 550 βέλτιον
324 456 604 543 ἐπιμελησόμεθα.
628 455 703 540 περὶ
714 455 751 522 δέ
768 464 888 577 φυτρῖν
904 464 1072 545 Λεπτίνης

66 579 122 628 σοι
132 562 211 648 ἐρεῖ
232 551 438 678 ιἰργῦριονδ
454 559 502 634 είς
512 577 618 620 ταντα
633 551 734 618 ἕνεκα
743 579 779 620 τε
790 580 921 624 τουτων
930 558 988 624 καί
1005 562 1070 636 είς-

64 664 186 746 φοράν
204 663 310 727 τανῦν
326 660 374 735 είς
388 651 452 740 τὴν
464 650 566 720 πόλιν
577 653 701 736 ἐλαβον
710 648 800 737 παρά
815 661 996 743 Λεπτίνου,
1015 659 1071 724 λέ-

63 783 138 844 γων
149 782 172 824 α
182 781 240 842 μοι
252 752 365 824 ἐδόκει
381 743 702 834 εὐσχημονέστατα
684 759 764 834 ημῖν
783 746 867 819 εἶναι
885 757 941 823 καὶ
958 753 1071 844 ἀληθῆ

64 857 220 946 λέγειν,”
198 883 253 926 οτι
264 853 492 972 ημέτερονείη
503 875 523 916 ο
509 846 582 928 “είς
598 873 660 936 την
673 854 762 919 ναῦν
779 847 1071 973 άναλάσαμεντδγν

64 960 272 1042 Λευκαδίαν,
292 948 415 1037 σχεδὸν
436 948 612 1017 ἑκκαίδεκα
631 959 729 1034 μναῖ·
744 945 839 1016 τοῦτ’
857 942 922 1016 οῦν
937 956 1069 1042 ἔλαβον,

65 1053 249 1141 καὶλαβων
258 1046 609 1136 αῦτόςτεέχρησάμην
617 1042 1070 1136 καλδμῖνταῦταάπέπεμυά.
1087 1069 1107 1121 ο

65 1179 104 1222 το
91 1150 161 1237 δη
172 1151 255 1237 μετὰ
265 1156 365 1218 τοῦτο
376 1149 453 1234 περὶ
463 1147 642 1235 χρημάτων
653 1142 759 1214 ἄκουε
770 1171 817 1229 υς
826 1167 882 1216 σοι
900 1151 978 1235 ἐχει,
996 1157 1075 1237 περί

67 1276 105 1318 τε
115 1248 157 1318 τά
170 1247 445 1336 σά·τά’Λθὴνησι
455 1247 511 1315 καὶ
523 1247 600 1334 περὶ
610 1243 651 1312 τά
661 1245 735 1331 ἐμά.
747 1244 813 1332 έγιδ
825 1260 895 1329 τοῖς
906 1260 978 1329 σοῖς
988 1248 1075 1335 χρή-

70 1367 182 1436 μασιν,
196 1345 309 1435 ὥσπερ
328 1348 406 1416 τότε
421 1366 477 1415 σοι
493 1350 621 1432 ἐλεγον,
640 1343 805 1432 χρήσομαι
825 1349 982 1435 καθάπερ
1003 1361 1073 1428 τοῖς

67 1452 137 1515 τοῖν
152 1445 267 1516 ἄλλων
281 1449 492 1532 ἐπιτηδείων,
507 1449 637 1533 χρῦμαι
653 1440 691 1510 δέ
708 1440 754 1524 ὥς
770 1440 814 1513 άν
827 1445 982 1534 δύνωμαι
997 1445 1073 1518 ὀλι-

65 1551 203 1633 γίστοις,
215 1543 279 1614 ὅσα
290 1542 455 1630 ἀναγκαῖα
466 1538 488 1631 ἢ
501 1547 614 1611 δίκαια
629 1538 854 1631 ἢεῦσχήμονα
870 1549 946 1633 ἐμοί
958 1572 995 1617 τε
1012 1552 1072 1616 δο-

65 1657 121 1713 κεῖ
128 1647 185 1713 καὶ
196 1643 276 1734 παρ’
290 1637 334 1713 οῦ
344 1640 388 1713 άν
398 1643 569 1732 λαμβάνω.
593 1646 666 1731 ἐμοί
683 1647 725 1732 δὴ
742 1652 899 1713 τοιοῦτον
909 1653 977 1716 νῦν
988 1651 1072 1734 ξυμ-

65 1746 221 1832 βέβηκεν.
243 1748 311 1811 είσί
318 1769 376 1830 μοι
387 1739 582 1830 ἀδελφιδῶν
594 1747 781 1832 θυγατέρες
791 1750 861 1813 τοῖν
872 1743 1072 1813 ἀποθανου-

66 1845 139 1909 σῦν
157 1839 246 1929 τότε,
261 1837 315 1909 ὅτ’
336 1838 401 1927 ἐγά
420 1837 486 1909 οῦκ
506 1840 773 1930 ἐστεφανούμην,
790 1840 834 1910 σὺ
852 1838 886 1910 δ’
911 1843 1071 1931 ἐκέλευες,
1090 1855 1111 1905 ῐ)

66 1935 262 2028 τέτταρες,ἡ
280 1937 343 2025 μὲν
357 1945 427 2007 νῦν
443 1941 613 2028 ἐπίγαμος,
632 1938 706 2027 ἡδὲ
723 1939 882 2030 ὀκταέτις,
898 1938 921 2030 ἡ
940 1940 978 2010 δέ
994 1960 1073 2030 ομι-

66 2035 152 2126 κρὸν
163 2037 249 2125 πρὸς
258 2040 368 2124 τρισὶν
380 2043 500 2127 ἐτεσιν,
512 2035 534 2126 ἡ
545 2039 584 2108 δέ
598 2035 695 2108 οὔπω
706 2042 868 2109 ἐνιαυσία.
879 2041 1005 2121 ταύτας
1016 2042 1073 2109 έκ-

67 2136 185 2204 δοτέον
202 2136 280 2222 ἐμοί
296 2138 367 2204 έστι
383 2139 525 2216 καὶτοῖς
545 2138 635 2223 ἐμοῖς
652 2139 860 2226 ἐπιτηδείοις,
878 2133 931 2218 τίς
949 2134 992 2205 άν
1006 2138 1072 2223 ἐγοδ

69 2238 206 2323 ἐπιβιῦ·
229 2227 283 2315 αἷς
298 2230 333 2302 δ’
351 2229 397 2302 άν
412 2233 469 2322 μή,
486 2235 690 2324 χαιρόντων·
713 2239 769 2304 καὶ
787 2229 836 2305 ὦν
853 2232 896 2304 άν
907 2239 1072 2322 γένωνται
1130 2306 1133 2313 ,

67 2335 104 2399 οί
114 2332 251 2418 πατέρες
263 2328 379 2400 αὐτοῖν
389 2333 475 2421 ἐμοῦ
484 2334 738 2424 πλουσιώτεροι,
756 2332 821 2404 οῦκ
838 2337 1010 2404 ἐκδοτέον·
1031 2335 1072 2403 τά

68 2427 107 2497 δέ
118 2435 185 2499 νῦν
196 2427 310 2498 αῦτῦν
320 2429 437 2516 ἐμά’
398 2432 641 2523 ευποροίτερος,
652 2431 755 2504 καί
719 2458 779 2515 τας
794 2437 937 2523 μητέρας
956 2431 1072 2503 δέαῦ-

68 2552 138 2596 των
147 2523 212 2612 ἐγω
224 2528 367 2608 ἐξέδωκα
377 2534 433 2599 καί
443 2557 504 2618 μετ
507 2531 643 2602 αλλων
653 2535 708 2602 καί
719 2559 801 2620 μετα
789 2534 951 2614 Δίωνος
975 2530 1074 2620 ημῖν
1090 2545 1111 2594 Ε

70 2619 135 2695 οὖν
144 2630 356 2717 Σπευσίππῳ
366 2643 527 2719 γαμεῖται,
538 2634 689 2752 ἀδελφῆς
699 2626 785 2700 ουσα
796 2631 889 2723 αῦτφ
874 2631 1101 2751 θυγάτηρ·

67 2731 123 2795 δεῖ
133 2722 175 2812 δη
187 2724 294 2814 ταύτῃ
304 2694 408 2794 οῦδὲν
418 2727 553 2797 πλέον“
532 2757 553 2816 η
565 2730 744 2819 τριάκοντα
753 2737 858 2817 μνιῦν
871 2726 1047 2816 μέτριαι
1008 2754 1074 2817 γαρ

70 2816 168 2893 αῦται
178 2821 261 2911 ημῖν
272 2836 418 2913 προῖκες.
430 2830 480 2894 ἐτι
491 2828 529 2894 δὲ
540 2825 690 2915 έάνη
644 2855 752 2915 μητηρ
769 2826 950 2947 τελευτηση
966 2824 1074 2915 ἡέμή,

70 2921 172 2992 οῦδὲν
183 2951 227 2992 αυ
215 2915 426 3011 πλείονοςη
438 2927 522 2993 δέκα
536 2930 632 3012 μνάν
647 2921 758 2993 δέοι’“
737 2952 780 2993 αν
798 2930 845 3005 είς
862 2926 926 3012 την
939 2930 1074 2994 οίκοδο-

69 3029 150 3109 μίαν
169 3029 232 3092 τοῦ
245 3025 369 3112 τάφου.
390 3029 446 3094 καί
466 3027 544 3113 περὶ
562 3030 668 3092 ταῦτα
683 3050 725 3093 τα
711 3023 803 3110 μὲν
826 3022 888 3112 ἐμά
901 3022 1075 3131 άναγκαῖα

73 3120 193 3207 σχεδόν
203 3148 236 3190 τι
248 3125 285 3191 ἐν
296 3129 344 3214 τῷ
354 3130 537 3193 νῦντοῦτο
527 3124 661 3193 ’ἐστιν
685 3121 744 3192 ἐὰν
761 3125 801 3192 δέ
813 3148 848 3192 τι
862 3121 944 3193 άλλο
955 3119 1074 3211 γίγνη·

71 3242 126 3285 ται
140 3216 262 3307 ίδιουῆ
278 3221 443 3308 δημόσιον
459 3220 621 3309 άνάλομα
638 3220 695 3291 διά
711 3219 774 3309 τὴν
789 3223 880 3309 παρὰ
891 3219 1073 3310 σὲάφιξιν,

67 3315 184 3406 ῦσπερ
195 3319 271 3390 τότε
282 3325 400 3408 ἔλεγον
411 3327 593 3412 δεῖποιεῖν,
605 3321 662 3411 ἐμὲ
672 3322 971 3411 μὲνδιαμάχεσθαι,
982 3318 1075 3400 ὅπως
