2408 3764
406 180 529 239 ΠΕΡΙ
545 180 749 239 ΑΡΕΤΗΣ.
1027 174 1070 241 87

65 359 163 421 τοῦτο
178 322 314 432 λέγεται
332 336 418 408 Ἀλλ’
442 333 507 422 ἆρα
525 335 570 424 μή
589 335 764 423 ἐφθόνουν
784 337 1053 458 μεταδιδόναι
1014 364 1072 423 της

65 447 182 533 αρετης
192 457 259 521 τοις
270 439 382 518 αλλοις
397 435 607 523 άνθράττοις,
632 433 729 520 Τάχα.
748 429 859 525 ’Ἡρα
842 442 898 507 ινα
915 434 959 523 μὴ
978 433 1071 504 άντί-

65 570 173 632 τεχνοι
184 540 295 619 αὐτοῖς
305 545 485 625 γίγνοιντο,
497 532 610 621 ὥσπερ
627 535 661 600 οί
675 533 829 619 μάγειροί
841 560 877 603 τε
892 537 949 603 καί
965 535 1072 617 ίατροι
1087 562 1109 611 1>

65 645 166 711 καὶ
130 665 285 719 τεκτονες
290 640 499 723 φθονοῦσινς
510 629 552 699 οὐ
560 629 633 717 γάρ,
637 639 800 699 λυσιτελτλ
806 631 917 714 αυτοῖς
927 629 1072 710 πολλυνς

66 742 274 826 αντιτεχνους
284 742 461 821 γίγνεσθαι
473 727 553 798 ουδὲ
564 735 669 797 οίκεϊν
678 732 855 809 ἐντολλολς
863 731 973 811 αυτοῖς
983 738 1071 819 ομο

65 865 122 918 οις.
147 832 201 923 ἆρ’
223 828 287 904 οὖν
300 831 388 900 οὕτω
404 832 460 897 καὶ
476 840 543 906 τοῖς
559 823 703 912 ἀνδράσι
715 840 784 905 τοῖς
798 823 939 912 ἀγαθοῖς
953 829 995 899 οὐ
1009 840 1072 899 λυ-

66 944 186 1004 σιτελεῖ
195 930 261 1001 ἐν“
244 938 370 1017 ομοίοις
388 924 501 1004 αὐτοῖς
518 930 636 1005 οίκειυς
650 923 755 1005 Ἴσως.
785 926 860 993 Είσί
877 927 913 993 δὲ
929 930 963 993 οί
977 925 1072 997 αὐτοὶ

66 1032 141 1118 ουχὶ
159 1029 286 1114 ἀγαθοί
301 1050 337 1093 τε
358 1026 412 1092 καί
433 1027 467 1090 δί
453 1029 569 1103 ίκαςιοι
589 1027 667 1091 Ναί
684 1022 796 1091 Ἔστιν
814 1013 878 1095 οὖν
893 1019 960 1112 ὅτω
977 1032 1071 1091 λυσι-
1097 1012 1105 1026 “

64 1138 152 1198 τελεῖ
164 1153 209 1212 μη
197 1125 256 1192 ἐν
266 1122 449 1208 άγαδοῖςοί
447 1134 517 1189 κεῖν
528 1119 692 1207 άνδράσιν
703 1117 779 1189 ἄλλ’
795 1124 833 1189 ίν
848 1134 977 1200 κακοῐςς
1001 1117 1072 1188 Οὐκ

67 1234 131 1312 ἔχω
153 1228 264 1291 είττεῑυ.
296 1212 365 1304 Αρ’
388 1211 450 1287 οὖν
471 1215 550 1287 οὐδὲ
567 1217 658 1287 τοῦτ’
682 1223 765 1305 ἔχεις
784 1224 905 1306 τίτοίν,
930 1218 1073 1302 πότερον

68 1331 168 1409 ἔργον
195 1321 262 1393 ἐστὶ
284 1325 352 1385 τοῖν
372 1345 395 1404 μ
396 1318 435 1385 δν
453 1315 594 1403 άγαδάν
614 1316 788 1404 βλάτιτετν,
811 1325 879 1387 τεόν
901 1320 938 1386 δὲ
958 1343 1071 1386 κακωυ

68 1420 217 1505 ω’φελειν,
229 1412 252 1503 ἦ
261 1413 475 1494 τούναντίονς
497 1412 713 1484 Τοάναντίον.
738 1421 784 1487 Ol
794 1415 856 1502 μὲν
867 1413 1028 1503 άγαθοὶ’
1006 1443 1071 1500 αρα

66 1517 328 1606 άφτλουσιν,οί
293 1516 385 1582 oca&
410 1515 508 1583 κακοὶ
528 1515 749 1601 βλάπτουσιν,
774 1520 853 1583 Ναί.
877 1513 988 1584 Ἔστιν
1008 1508 1071 1584 οὖν
1088 1531 1142 1588 377

67 1614 156 1694 ὅστις
177 1613 332 1701 βούλεται
351 1611 560 1699 βλάπτεσθαι
579 1608 752 1699 μαλλον
728 1641 750 1700 ιγ
773 1609 990 1700 άφελεισδαις
1019 1611 1072 1700 Οό

64 1738 199 1877 mvl-IL
224 1806 343 1887 Οὐδεὶς
354 1804 419 1891 άρα
429 1805 585 1893 βούλεται
600 1809 637 1875 ἐν
650 1819 808 1891 πονηροῖς
824 1796 928 1874 οἰκεῖν
943 1813 1071 1893 μᾶλλον

65 1903 133 1993 ἢέν
144 1922 303 1993 χρηστοῖς.
333 1901 459 1981 Οὕτως.
488 1900 609 1981 Οὐδείς
624 1901 688 1991 άρα
705 1913 831 1988 φθονεῖ
843 1909 912 1971 τάν
929 1900 1071 1989 ἀγαθάν

65 2002 199 2086 ἀνδρῶν
216 2002 317 2091 άλλιμ,
337 2000 421 2069 ὥστε
438 1998 572 2085 άγαθόν
591 2002 647 2069 καὶ
664 1999 782 2086 ὅμοιον
803 2001 908 2090 ἑαυτῷ
926 2007 1069 2088 ποιῆσαι.

68 2102 206 2171 Οὔκουν
223 2104 380 2187 φαίνεταί
392 2123 430 2184 γε
447 2094 488 2185 δὴ
507 2099 544 2166 ἐκ
558 2107 620 2165 τοῦ
635 2097 749 2184 λόγου.
768 2095 925 2184 Ἀκήκοας
941 2092 1006 2167 οὖν
1021 2098 1071 2166 ότι

68 2208 285 2287 Θεμιστοκλεῖ
291 2196 507 2284 Κλεόφαντος
517 2194 590 2275 υίός
600 2198 747 2281 ἐγένετος
765 2192 916 2282 Ἇκήκοα.
935 2194 1071 2264 Οὐκοῦν

65 2303 170 2383 δῆλον
186 2295 237 2364 ότι
254 2295 332 2365 οὐδὲ
343 2303 390 2384 τῷ
409 2299 478 2363 υἱεῖ
489 2295 632 2381 ἐφθόνει
651 2291 695 2373 άς
711 2299 867 2383 βελτίστῳ
884 2293 1070 2379 γενέσθαιὸ
1085 2315 1104 2364 Β

67 2400 299 2480 Θεμιστοκλῆς,
312 2392 397 2479 όςγε
412 2391 502 2483 άλλῳ
514 2389 638 2479 οάδευί,
650 2400 742 2476 είαερ
752 2385 796 2481 ἦν
807 2390 950 2478 άγαθόςς
968 2386 1012 2480 ἦν
1023 2397 1069 2479 δέ,

19 2505 24 2517 “
65 2491 111 2572 ὡς
123 2495 242 2578 φαμέν.
263 2497 341 2558 Ναί.
366 2490 475 2569 Οἶσθα
488 2484 552 2562 οὖν
562 2491 613 2561 ὅτι
623 2488 845 2579 Θεμίδτοκλῆς
855 2491 915 2561 τόν
926 2490 1003 2560 υίόν
1015 2496 1070 2560 λιι-

65 2595 127 2660 πέα
138 2588 201 2676 μὲν
212 2584 379 2668 ἐδιδάξατο
392 2589 501 2678 σοφόν
512 2589 660 2659 εἶναικαὶ
674 2588 820 2675 άγαθόν·
839 2593 974 2677 ἐπέμενε
985 2596 1071 2674 γοῦν

51 2691 118 2757 ,ίττὶ
130 2695 198 2755 τοῖν
208 2690 320 2755 ἵππων
329 2684 433 2768 όρθὸς
443 2689 596 2775 ἑστηκώς,
608 2689 665 2757 καί
678 2687 849 2774 ἠκόντιζεν
860 2686 925 2755 aad
937 2695 1005 2753 τῶν
1015 2691 1070 2753 ἳπ-

67 2812 140 2855 πων
150 2784 266 2870 ὀρθός,
278 2785 333 2853 καί
342 2783 429 2855 άλλα
440 2786 546 2853 πολλοὶ
557 2789 612 2854 καί
628 2787 801 2872 θαυμάσια
814 2784 993 2871 εἰργάζετο·
1015 2786 1071 2850 καὶ

64 2884 148 2954 άλλα
159 2881 265 2953 πολλοὶ
277 2885 404 2964 ἐδίδαξε
420 2885 509 2953 καὶέ
509 2907 551 2951 τιο
553 2889 625 2969 ίησε
642 2884 763 2968 σοφόν,
781 2880 845 2951 ὅσα
861 2881 1071 2950 διδασκάλων

65 2982 204 3068 άγαθοτυ
216 2991 327 3068 είγετο.
350 2977 487 3070 ἢταότα
504 2978 567 3050 οὐκ
583 2978 806 3067 άκήκοαςτάν
820 2986 1070 3069 πρεσβυτέρους

64 3079 212 3167 Ἀκήκοα.

149 3184 198 3247 Ν.
222 3176 329 3247 Ουκ
307 3205 372 3264 αρα
382 3206 444 3267 την
455 3178 560 3266 φυσιν
569 3205 606 3265 γε
617 3206 665 3257 τις
679 3203 740 3246 του
725 3175 883 3247 υίου
842 3203 948 3245 αυτου
934 3176 1070 3245 αίτιά·
1089 3192 1107 3242 c

65 3274 151 3343 σαιτ’
167 3272 209 3343 άυ
219 3274 327 3364 κακὴν
337 3277 430 3356 εἶναι.
456 3273 563 3346 οόκ”
540 3305 584 3345 αν
595 3271 799 3355 οὖνδικαίως
810 3302 848 3361 γε
864 3266 935 3356 ἐξ
908 3301 956 3343 ων
966 3295 1010 3343 συ
998 3272 1071 3343 λέ

63 3399 139 3457 γεις
168 3379 210 3441 Τι
218 3377 271 3445 δαί
281 3376 373 3457 τοδε
397 3375 441 3456 ὡς
457 3371 706 3464 Κλεόφαντος“
689 3403 708 3445 ο
725 3377 985 3462 Θεμιστοκλέους
999 3373 1076 3447 υίὸς
