2408 3764
511 177 642 250 ‘OPOL
1038 189 1079 258 ⁷1

164 340 305 439 Ψνηήτό
316 343 399 418 αύτὸ
411 345 509 417 ἑαυτὸ
520 352 654 419 κινοῦν·
672 355 758 420 αἰτία
769 351 933 441 κινήσεως
943 356 1080 440 ζωτικῆς

73 457 177 538 ξύων.
424 509 428 517 -

158 553 308 637 Δύναμις
317 550 356 617 τό
366 546 447 619 καθ’
461 545 543 617 αύτό
556 545 736 632 ποιητικόν.

149 649 316 733 Ὅψιςὲξις
327 645 513 732 θιακριτική
526 644 700 730 σωμάτων.

154 747 287 820 Ὀστοῦν
298 746 420 833 μνελός
429 742 496 812 ὑπὸ
507 749 640 828 θερμοῦ
649 747 773 827 παγείς.

156 855 325 931 Στοιηεῖον
334 842 372 911 τὰ
384 842 536 927 σννύρον
546 841 602 910 καὶ
612 839 752 909 διαλύων
767 838 807 909 τοὶ
820 842 976 915 σύνθετα.

154 939 261 1031 ’Λρωή
281 937 469 1026 διύθεσιςή
488 943 652 1026 βελτίστη·
674 940 739 1019 ἕῖῑε
754 945 885 1025 θνητοῦ
895 941 981 1020 ξύον
991 942 1072 1014 καθ’

72 1039 182 1128 αὑτήν
199 1037 364 1123 ἐπαινετή·
385 1038 459 1124 ἕξις,
476 1035 558 1105 καθ’
575 1033 620 1125 ήν
634 1034 671 1106 τό
688 1040 765 1127 ἔχρα
784 1034 918 1123 ἀγαθὸν
929 1041 1069 1124 λέγεται·
1087 1059 1109 1109 Ι)

71 1141 228 1208 κοινωνία
243 1132 358 1221 νόμων
374 1137 499 1207 δικαία·
523 1133 684 1222 διάθεσις,
694 1130 776 1209 καθ’
787 1131 832 1222 ἣν
842 1132 881 1211 τὸ
892 1140 992 1225 [ἕχον]
1004 1140 1078 1203 θια-

72 1240 225 1320 κείμενον
245 1238 373 1312 τείείως
394 1236 579 1303 σπουδαῖον
599 1239 741 1321 λέγεται·
762 1234 828 1314 ἕξις
844 1232 996 1322 ποιητική
1019 1233 1078 1302 εύ-

74 1337 198 1419 νομίας.

100 1424 112 1439 ”
157 1425 320 1517 Φρύνρσις
329 1428 474 1517 δύναμιςΙ
483 1426 635 1516 ποιητική
647 1426 730 1499 καθ’
742 1425 849 1517 αὑτήν
859 1437 918 1516 τής
935 1427 1077 1517 αἰνθρού·

70 1551 138 1594 πον
149 1524 370 1614 εύόαιμονίας·
382 1520 541 1615 ἐπιστήμη
555 1524 696 1613 ἀγαθῶν
707 1530 762 1595 καὶ
772 1535 902 1599 κακῶν·
914 1528 1074 1616 ἐπιστήμη

71 1623 218 1712 ποιητική
247 1621 471 1712 εὐδαιμονίας·
501 1625 661 1712 θιύθεσις,
683 1623 765 1697 καθ’
787 1624 831 1713 ήν
852 1632 1021 1714 κρίνομεν,
1043 1634 1078 1696 τί

68 1727 230 1809 πρακιεον
239 1749 294 1791 και
284 1721 387 1790 τί
348 1749 391 1790 ον
379 1725 575 1841 πρακτέον.

152 1816 388 1907 Δικαιοσύνη’
372 1846 512 1907 ομονοια
521 1847 580 1907 της
590 1827 698 1908 ψυχῆς
708 1817 793 1908 πρὸς
809 1818 925 1908 αύτήν,
942 1819 1053 1890 καί’
1016 1806 1074 1890 εν-

67 1923 159 1999 ταξια
166 1945 236 1987 των
246 1924 304 2006 τής
315 1927 421 2007 ψυχῆς
431 1929 543 2008 μερῶν
560 1919 644 2007 πρὸς
660 1918 786 2006 ἄλληλά
803 1944 839 1987 τε
849 1922 905 1988 καὶ
919 1921 995 2006 περὶ
1012 1919 1075 1989 ἄλ·

69 2025 167 2103 ίηία·
186 2019 251 2098 ἕξις
262 2017 474 2111 διανεμητικὴ
485 2028 547 2088 τοῦ
561 2018 634 2089 κατ’
647 2045 669 2086 α
660 2015 775 2103 ’ξίαν
756 2020 897 2108 ειιύστςο·
908 2018 982 2106 ἕξις,
994 2017 1071 2090 καθ’

67 2113 111 2202 ήν
130 2113 148 2186 6
165 2121 248 2203 ἔχων
266 2119 497 2204 προαιρετικός
512 2121 582 2188 ἐστι
596 2124 664 2187 τοῖν
679 2123 893 2207 φαινομένων
908 2116 999 2208 αύτῷ
1022 2123 1074 2188 θι-
1090 2146 1110 2195 E

66 2221 185 2284 καίων·
198 2217 307 2296 ἒξιςέν
318 2221 382 2308 βίῳ
389 2215 498 2306 νόμον
508 2214 668 2304 ὑπήκοος·
682 2218 793 2305 ίσότης
803 2216 983 2304 κοινωνιινή
990 2244 997 2258 ·
1008 2217 1074 2299 ἕξις

66 2309 381 2401 ὑπηρετικήνόμων

151 2411 364 2499 Σωφροσύνη
375 2411 546 2500 μετριότης
560 2419 618 2500 τής
635 2420 742 2501 ψυχῆς
756 2411 892 2501 περί
852 2440 912 2507 τας
932 2415 970 2482 ἐν
988 2412 1074 2504 αύτή

66 2504 151 2574 κατὰ
163 2508 269 2591 φύσιν
279 2515 475 2597 γιγνομένας
491 2505 670 2599 ε’πνθνμίας
685 2537 721 2580 τε
736 2513 791 2581 καί
808 2502 946 2598 ήύονύς·
969 2508 1072 2600 εύαρ·

66 2610 184 2690 μοστια
193 2605 251 2671 καί
261 2601 505 2695 ενταξιαψνχης
516 2633 600 2696 προς
610 2635 669 2688 τας
678 2635 762 2677 κατα
750 2606 1006 2696 φνσινηᾶονας
1017 2611 1072 2676 καί

66 2699 187 2781 λύπας·
210 2706 389 2788 συμφωνία
409 2713 515 2793 ψυχῆς
535 2703 619 2793 πρὸς
634 2705 672 2777 τὸ
692 2705 807 2792 ἄρχειν
821 2709 878 2775 καί
894 2704 1070 2790 ἄρχεσθαι·

67 2796 495 2887 αύτοπραρίακατάφύσιν·
507 2798 1072 2897 [εύταξίαψνχήςλογισταιή1ὁμιίία

66 2904 172 2983 ψυχης
182 2899 257 2982 περί
266 2903 381 2967 ναίων
391 2900 447 2969 καὶ
460 2903 620 3019 αἰσχρῶν·
635 2902 710 2984 ἕξις,
721 2896 803 2968 καθ
815 2897 860 2986 ἣν
877 2896 897 2966 6
901 2904 1001 2989 ἔχων
1017 2887 1071 2978 at·
1087 2929 1140 2985 412

65 3018 193 3083 ρετικος
204 2997 272 3063 ἐστι
282 2985 338 3064 καί
348 2988 601 3084 ενλαβητιιώς
575 3024 622 3066 ων
633 3024 704 3085 χρή
1147 3017 1150 3023 ’

42 3158 45 3165 ,
144 3088 296 3177 Ανίρεία
307 3094 485 3183 ἕξιςψνχης
495 3089 678 3184 ακίνητος
659 3118 727 3163 νπο
715 3093 862 3184 φοβον
874 3096 1004 3182 θύρσος
1012 3121 1070 3166 πο·

64 3187 214 3274 λεμικύν
226 3188 384 3277 ἐπιστήμη
395 3217 463 3260 των
473 3217 557 3261 κατα
546 3189 716 3282 πολεμον
725 3195 943 3282 πραγματων
955 3197 1069 3286 ίρκρύ-

63 3309 134 3353 τεια
146 3295 251 3374 ψυχῆς
261 3284 345 3376 πρὸς
359 3286 400 3365 ταὶ
416 3288 545 3381 φοβερὰ
563 3318 618 3361 και
607 3293 745 3362 δειναί
768 3291 905 3381 τύίμα
887 3294 1069 3383 νπηρετική

64 3382 272 3469 φρονήσεως·
295 3383 523 3474 εύθαρσίαέπὶ
537 3389 690 3469 θανάτου
700 3397 900 3482 προσύσκίη·
921 3393 1083 3477 ἐᾎςῆμι-
