2408 3764
82 166 183 249 71⁷4
488 181 759 241 κακονοου
1082 190 1120 248 ιι

118 341 212 454 μὲυ’
194 341 253 412 απὸ
274 352 325 427 τῆς
344 345 411 452 περί
425 368 480 426 νην
499 337 632 447 κεφαλὴν
646 339 806 450 κιγύσεγος,
826 348 985 407 τελευτῶσα
1004 344 1037 408 55
1051 347 1121 429 ιτερλ

18 497 22 507 ,
117 430 319 536 ῖμρατοςρα
249 431 319 512 ἕδρα
319 452 393 511 ν·ιγ
380 427 448 491 ‘55
467 452 554 508 φοινη
544 423 689 490 ’ἐστιν
671 453 693 508 η
712 422 755 491 δι’
778 424 864 493 ὅταν
885 427 1025 531 ἐρχομένη
1038 428 1120 535 ἐγκε-

119 513 218 596 φύλου
238 536 268 577 τε
289 512 340 576 καὶ
361 514 497 592 αῖματος,
524 511 713 592 διαδιδομὲνη
735 511 768 574 55
788 512 872 616 μέχρι
892 516 990 594 ψυχῆς
1009 510 1120 596 πληγή,

118 597 197 701 ὀξεῖα
220 591 310 678 μὲν
293 623 313 678 η
329 597 451 700 ταχέως
467 595 658 700 κινουμένη,
669 599 774 697 βαρεῖα
795 590 866 660 55
847 622 869 677 η
891 597 1038 681 βραδέως,
1068 597 1121 663 καῖ

118 680 229 789 ρεγύλη
248 679 302 762 μὲν
321 674 459 786 550555
481 674 573 762 μικρὰ
593 672 661 781 555
682 671 774 782 όλίγη.
800 678 914 754 τούτοις
928 679 960 743 55
974 679 1120 761 ἑπομένως

116 763 138 847 5
164 771 224 828 τῶν
248 762 405 872 μυκτήρων
431 763 556 868 δύναμις
584 756 658 865 πρός
686 756 741 866 τὴν
768 786 830 864 γων
853 755 952 842 όσμῶν
978 766 1121 844 αἴσθησιν

119 849 256 930 συνέστη·
285 849 344 912 ἔστι
369 841 447 927 555
469 840 546 928 όσμίγ
571 839 605 909 τό
627 840 731 910 κατιδν
758 839 817 949 ύπρ
840 871 900 949 τριν
921 846 954 910 ἔν
977 854 1038 922 τοῖς
1063 873 1119 929 ματ

118 939 222 1016 κτῆρσι
244 936 331 1035 φλεβί
330 959 372 997 ων
391 928 491 1034 πύθρς
508 930 612 1033 μέχρι
614 934 674 992 τῶν
691 923 811 1014 περὶ
780 955 834 995 τον
854 922 989 1010 όμφαλόυ
1004 926 1118 995 τόπων·

119 1019 200 1119 εἴδη
203 1017 234 1081 55
252 1015 361 1120 ταύτης
382 1009 435 1095 σύγ
455 1009 579 1094 ύπύργει
592 1005 747 1112 ύνομασμέ
745 1038 784 1076 να
798 1016 854 1091 ἔξω
868 1017 953 1118 δυοῖν
964 1021 1029 1079 τοῖν
1041 1039 1117 1098 γενι-

119 1097 277 1204 κωτύτοιν,
301 1094 429 1172 εύύδους
450 1097 545 1160 τεκαὶ
560 1092 828 1181 δυσύδους,”απερ
849 1121 926 1200 την
916 1121 968 1162 του
955 1092 1119 1200 όλγεινοῖ

118 1185 221 1248 τεκαὶ
248 1178 333 1263 ἡδέος
360 1182 417 1263 ἔχει
442 1176 613 1284 πρόσρησιν
648 1185 748 1244 πᾶσαν
775 1177 862 1245 55
830 1207 885 1263 την
912 1174 1007 1263 όσμην
1034 1175 1119 1266 σἰέρος

118 1269 173 1412 μὲν
193 1263 267 1329 εῖναι
287 1266 482 1366 παχυτέραν,
492 1261 599 1340 ύδατος
620 1263 652 1328 55
672 1264 856 1367 λεπτοτέραν·
879 1273 999 1371 σημεῖον
1023 1268 1065 1347 δέ,
1087 1266 1119 1329 ἐν
1146 1262 1161 1329 s

120 1348 164 1425 ς
186 1351 302 1420 εκοτως
324 1343 482 1446 λέγεται
453 1371 486 1408 το
507 1353 559 1429 ’τῆς
581 1343 676 1450 ὀσμῆς
692 1343 821 1454 γίνος,”
803 1373 848 1413 οτι
861 1348 973 1413 τούτων
987 1349 1047 1413 ἐστὶ
1059 1371 1117 1413 τοι

120 1427 190 1496 ούδὲ
190 1453 236 1492 πω
254 1423 419 1509 μεταβολὴν,
440 1432 550 1491 τελείαν
572 1376 743 1513 εἰληφότων,
766 1427 843 1497 α’λλδι
863 1436 1022 1498 κοινωνίαν
1038 1430 1117 1536 ἐχόν-

120 1539 179 1619 τωγ
195 1505 290 1614 ύέρος
309 1534 339 1573 τε
368 1510 419 1611 κρῖ
440 1506 563 1611 ύδατος,
588 1519 679 1576 ταῦτα
694 1517 735 1578 δδ
755 1513 831 1579 εἶναι
859 1512 934 1582 κατδι
956 1514 1070 1581 καπνόν
1087 1540 1118 1579 τε

120 1596 171 1661 καῖ
191 1589 326 1674 ὁμίχλην·
349 1588 460 1657 τούτων
479 1588 537 1676 γύρ
560 1595 601 1668 είς
621 1591 732 1698 όίλλγρλα
753 1591 970 1699 ύμειβόντοιν
954 1628 975 1682 η
995 1606 1048 1683 τῆς
1068 1595 1116 1665 56-

120 1677 254 1785 φρησεοος
274 1680 413 1758 αἴσθησις
433 1683 615 1742 συντελεῖται.
649 1677 704 1780 τήγ
723 1703 757 1763 γε
776 1676 837 1761 μὴν
857 1689 959 1761 γεῦσιν
978 1691 1118 1747 ποικιλω·

118 1762 214 1828 τόκων
229 1767 337 1864 γυμυῖν
350 1757 536 1867 ἒρτιγνύμονα
555 1759 772 1827 κατεσκεύασαν
790 1766 824 1827 οδ
840 1767 916 1845 θεοί,
939 1769 1024 1843 φλεβί
1024 1791 1044 1826 οι
1064 1792 1119 1830 κα

118 1840 337 1952 τατείγαντες’
320 1839 374 1910 απ’
396 1841 486 1928 αύτης
509 1845 591 1948 μέγρι
612 1850 751 1939 καρδίας,
780 1850 899 1950 δοκίμια
924 1847 1046 1926 ἐσόμενοι
1068 1851 1121 1913 καλ

119 1930 283 2032 κριτήρια
274 1937 334 1995 τοῖν
334 1936 469 2034 γυμοῖυ·
496 1936 588 1995 ταῦτα
608 1931 641 1996 55
662 1927 875 2038 συγκρινόμενα
894 1931 946 1994 καῖ
954 1930 1120 2032 διακρινό-

119 2041 192 2098 μενα
212 2009 288 2078 κατὰ
308 2007 360 2090 τός
371 2010 577 2163 προσπτώσεις
594 2039 655 2080 των
675 2042 775 2099 γυμων
711 2007 963 2102 μωνδιορίζει
931 2039 987 2118 την
1005 2013 1037 2077 ἐν
1050 2011 1119 2078 τού-

119 2126 180 2177 τοις
206 2094 433 2206 παραλλαγήν.
445 2101 501 2164 είσδ
528 2099 560 2164 55
577 2123 685 2206 χυμων
709 2102 851 2207 διαφοραί
880 2094 966 2164 ἕπτύ·
996 2096 1118 2201 γλυκύς,

119 2178 200 2286 όξύς,
219 2183 374 2268 στρυφνός,
395 2177 548 2287 αύστηρός,
571 2180 708 2290 ἇλμυρός,
731 2184 845 2271 δριμύς,
866 2184 985 2288 πικρός·
1007 2179 1119 2247 τούτων

120 2263 200 2333 55
172 2291 224 2332 του
245 2268 299 2349 μὲν
320 2262 437 2352 γλυκύν
463 2270 599 2333 ἐναντίαν
625 2269 718 2373 φύσιν
738 2271 814 2349 ἔχειν
834 2275 895 2342 τοῖς
908 2265 1007 2343 ἄλλοις
1026 2262 1118 2372 ὃιζπασι

119 2356 198 2432 συμβ
199 2353 299 2452 έβηκι,
325 2354 477 2434 διαχέοντα
503 2354 579 2416 οίκεί
577 2376 615 2424 ως
639 2347 694 2431 τὴν
713 2343 835 2452 περὶ
803 2375 858 2451 την
878 2346 1045 2432 γλοιτταν
1028 2345 1117 2455 υγρό-

53 2436 56 2443 ’
118 2458 204 2514 τητα·
231 2457 300 2534 τους
320 2436 352 2499 55
374 2436 507 2536 λριπούς,
529 2427 598 2505 τοὺς
615 2432 670 2511 μὲν
690 2429 843 2507 κυκῶντύς
863 2456 894 2496 τε
915 2435 966 2496 καὶ
988 2431 1118 2518 σπαρύτ-

119 2540 221 2591 τοντας
240 2509 330 2596 ὀξεῖς,
352 2513 420 2591 τούς
441 2517 473 2579 55
493 2516 740 2618 ίκθερμωίνοντας
762 2518 813 2580 καί
834 2511 927 2593 είς
895 2542 932 2580 τα
945 2513 1010 2582 όνω
1029 2519 1117 2580 θέου-

119 2624 171 2674 τας
190 2602 317 2682 δριμεῖς,
335 2592 406 2702 γοδς
426 2599 460 2705 δὲ
480 2623 513 2663 το
501 2591 671 2678 ῥυπτικόν
683 2600 801 2682 ἔχοντας
807 2595 985 2705 σφοδρδν’
962 2619 1032 2667 οισιε
1045 2618 1116 2661 συν

119 2680 220 2790 τήκειν
233 2679 366 2786 πικρούς,
387 2707 455 2757 τους
471 2683 504 2746 55
524 2679 619 2787 ἠρέμα
632 2682 832 2789 καθαίρογτύς
844 2710 875 2751 τε
889 2689 939 2750 καί
956 2681 1117 2780 ρύπτοντας

119 2764 283 2869 διλμνρούς,
309 2773 368 2831 τοῖν
388 2765 421 2829 55
441 2764 630 2851 συναγόντων
647 2762 714 2844 τούς
737 2767 777 2835 πό
796 2796 847 2847 ους
871 2771 923 2834 καλ
926 2760 1117 2873 συγκρινόν-

119 2877 178 2916 τιον
199 2845 267 2925 τούς
286 2851 340 2931 μὲν
360 2852 552 2953 τραχυτέρους
573 2847 740 2958 στρυφνους
760 2795 852 2934 είναι,
886 2877 954 2928 τους
974 2845 1004 2914 δ
1027 2838 1115 2929 ἧττον

118 2941 204 2998 τοῦτο
217 2934 425 3038 ἔργαζομδγορς
441 2928 611 3043 αύστηρούς.
632 2931 760 3041 ἆπτιινηυ
775 2933 801 3003 δ’
816 2937 892 3003 εἶναι
905 2934 1032 3016 δύναμιν
1045 2957 1115 2997 κατ-

119 3012 366 3098 εοκευασμίνην
350 3012 409 3082 υπὸ
422 3026 503 3082 θεοῖν
522 3017 732 3124 ύντιληπτικην
744 3029 865 3107 δερμον
883 3045 914 3085 τε
928 3018 978 3084 καί
991 3024 1116 3101 ψυγρων

119 3106 259 3181 μαλακυν
277 3125 308 3165 τε
328 3103 379 3166 καλ
400 3109 534 3214 σκληρωγ
552 3101 674 3207 κρύφον
688 3108 783 3170 τεκαὶ
796 3106 937 3205 βαρέων
923 3104 1008 3166 λείων
1021 3126 1051 3165 τε
1065 3102 1116 3166 καί

118 3179 304 3373 τραγέωυ,“
285 3212 325 3262 ως
345 3190 456 3289 κρίνειν
476 3189 527 3252 καῖ
550 3181 603 3292 τός
622 3189 654 3253 ἐν
672 3187 784 3266 τούτοις
809 3181 960 3295 διαφρρύς
988 3188 1116 3251 εἴκοντα

153 3297 171 3332 ν
193 3266 230 3352 55
255 3295 351 3353 φαμεν
374 3265 411 3335 τό
437 3267 711 3356 παραδεχόμενα
679 3300 734 3354 την
754 3269 858 3377 όρφην,
878 3265 1020 3336 ύντίτυπα
1042 3264 1116 3336 555

119 3347 174 3419 ούκ
195 3358 278 3419 εἴκει·
304 3362 389 3420 τοῦτο
416 3357 448 3422 55
468 3359 621 3440 συμβαίνει
641 3355 723 3441 παρὰ
743 3353 795 3432 τὰς
817 3351 917 3437 ῥύσεις
939 3350 1036 3423 αύτοῖυ
1056 3360 1115 3418 τοῖν
