2408 3764
332 205 335 229 ¹
401 205 710 284 ειειενοιειῐ.
1018 214 1058 282 οι

55 378 180 456 πολλῆς
191 368 312 455 μεστόν
323 367 404 437 ὅντα
416 366 519 487 ὁρμῆς
531 370 583 435 ἐπὶ
594 364 630 433 τό
643 369 798 454 πράττειν
814 371 854 440 τὰ
866 374 972 494 κρινύ,
983 381 1062 462 βλέ-
1074 405 1094 453 ς

57 495 163 537 ποντα
177 473 207 536 εί
206 475 336 546 ςταῦτα
347 471 401 536 καλ
413 466 582 553 φερόμενα
597 462 727 549 ὁρῶντα
737 493 844 558 παντη
851 495 994 557 παντως,
1006 502 1061 542 τε-

57 570 226 632 λευτῶντα
243 569 395 653 ἰλιγγιᾶν,
411 565 466 630 καὶ
486 587 546 628 τον
533 558 628 645 μὲν
647 579 782 631 σκοπεῖν
798 565 842 684 μῆ
865 566 1060 659 ἀποστῆναι,

56 687 107 748 πη
88 661 227 731 muoz}
204 688 342 783 αμεινον
359 686 404 728 αν
420 666 566 745 γίγνοιτο
584 661 663 738 περί
675 679 710 723 τε
727 657 810 727 αὐτοὶ
826 673 929 735 ταῦτα
945 670 1002 737 καὶ
1018 669 1060 756 δὴ

55 764 110 828 καλ
122 759 243 847 περὶ
207 786 270 847 την
280 765 394 826 πᾶσαν
405 758 584 835 πολιτείαν,
602 779 663 820 του
648 757 716 821 δὲ
731 758 884 840 πράττειν
902 758 947 832 αὖ
964 790 1059 854 περι·
1075 794 1129 852 3ης

56 860 170 942 μένειν
189 856 241 925 ιἰελ
261 853 410 939 καιρούς,
429 859 631 919 τελευτῶντα
652 851 688 919 δὲ
711 857 831 938 νοῆσαι
850 862 923 941 περὶ
941 873 1059 933 πασων

57 961 126 1021 τῶν
137 963 203 1022 νύν
221 952 365 1034 πόλεων,
378 947 428 1015 ὅτι
444 954 553 1026 κακῶς
567 948 735 1068 ξύμπασαι
754 953 1058 1029 πολιτεύονται.τά

54 1077 121 1136 γαρ
132 1058 201 1118 τῶν
216 1048 331 1132 νόμων
344 1042 455 1122 αύταίς
467 1043 613 1130 σχεδδν’
593 1047 735 1125 ανιοίτως
749 1049 866 1133 ἔχοντα
878 1052 999 1119 ἐστιν”
977 1080 1060 1122 ανευ

56 1153 271 1230 παρασκευῆς
282 1150 475 1228 θαυμαστῆς
485 1168 574 1221 τινος
584 1142 665 1230 μετὰ
676 1143 785 1230 τύχης·
796 1149 959 1230 λέγειν
915 1173 951 1215 τε
960 1176 1059 1236 ηναμ

58 1243 204 1328 πόσθην,
223 1247 366 1309 ἐπαινῶν
388 1239 449 1360 τῆν
465 1238 575 1328 όρθῆν
597 1250 808 1330 φιλοσοφίαν,
827 1272 872 1324 ως
888 1249 924 1315 ἐκ
938 1249 1061 1336 ταύτης

60 1346 130 1406 ἔστι
151 1340 192 1406 τύ
214 1354 249 1408 τε
270 1335 421 1406 πολιτικὰ
443 1342 552 1406 δίκαια
572 1339 682 1406 καὶ
647 1368 686 1408 τα
695 1349 777 1409 ’τῶν
794 1346 936 1411 ἰδιωτῶν
950 1369 1060 1414 παντα

58 1442 216 1506 κατιδείν
238 1443 353 1505 κακῶν
364 1429 429 1505 όύν
439 1463 481 1503 ου
473 1433 653 1522 ’λήξειν
618 1463 658 1504 τα
669 1436 868 1525 ύνθροίπινα
877 1446 967 1528 γένη,
980 1446 1060 1529 πρὶν

56 1531 141 1624 ανῆ
157 1534 193 1603 τό
211 1544 279 1603 τῶν
297 1533 575 1621 φιλοσοφούντων
591 1533 704 1618 ὀρθῶς
720 1563 758 1656 με
779 1539 834 1606 καὶ
852 1536 987 1624 ἀληθῶς
1003 1545 1060 1625 γέ-
1080 1570 1101 1621 B

56 1659 116 1711 νος
133 1634 216 1711 εἰς’
197 1631 298 1720 αρχόις
313 1638 398 1720 ἔλθη
413 1630 471 1710 τοὶς
488 1630 733 1721 πολιτικὰςῆ
699 1661 735 1702 το
747 1642 816 1702 τῶν
834 1638 1125 1705 δυναστευόν-

54 1757 125 1799 των
142 1735 178 1799 ἕν
195 1746 265 1809 ταῖς
277 1730 416 1798 πόλεσιν
430 1736 469 1801 ,ἔκ
490 1756 579 1810 τινος
590 1737 707 1817 μοίρας
726 1731 857 1813 θείας”
837 1759 941 1812 ουτως
963 1741 1061 1818 φιλο-

57 1828 198 1915 σανίσι

144 1925 277 2012 Ταύτην
289 1923 375 2012 δῆ
340 1951 402 2012 την
413 1926 595 1993 διύνοιαν”
577 1951 662 2010 εχων
673 1930 719 2003 είς
731 1923 869 1994 Ἰταλίαν
883 1951 919 1994 τε
933 1929 988 1996 καί
999 1936 1061 1998 Σι-

56 2031 171 2092 κελίαν
191 2016 313 2108 ῆλθον,
334 2021 389 2090 ὅτε
410 2030 544 2106 πρῶτον
566 2021 744 2109 ἀφικόμην.
764 2022 906 2090 ἐλθόντα
922 2026 962 2091 δέ
978 2049 1019 2109 με
1041 2020 1059 2090 ό

56 2121 160 2208 ταύτῃ
177 2120 360 2206 λεγόμενος
372 2113 416 2186 αὖ
433 2126 505 2206 βίος
520 2115 697 2205 εύδαίμων,
713 2119 936 2188 Ἰταλιωτικῶν
952 2145 988 2187 τε
1004 2121 1061 2187 καὶ

55 2225 300 2305 Συρακουσίων
310 2223 477 2304 τραπεζῶν
489 2217 626 2305 πλήρης,
638 2216 768 2304 ούδαμῆ
786 2216 939 2303 ούδαμῶς
949 2216 1059 2304 ἤρεσε,

56 2321 108 2393 δίς
118 2342 152 2381 τε
162 2323 219 2401 τῆς
229 2313 353 2402 ῆμέρας
368 2315 617 2403 ἐμπιπλάμενον
627 2320 686 2403 ζῆν
697 2317 752 2384 καί
762 2316 924 2402 μηδέποτε
935 2314 1061 2401 κοιμῶ-

55 2438 161 2502 μενον
171 2412 276 2498 μόνον
286 2415 429 2499 νύκτωρ,
441 2417 497 2482 καὶ
513 2413 576 2482 ὅσα
591 2414 697 2501 τούτω
709 2413 950 2500 ἐπιτηδεύματα
962 2416 1058 2494 ξυνέ-
1076 2445 1095 2496 0

56 2536 154 2580 πεται
164 2517 210 2598 τῷ
220 2516 298 2597 βίω·
315 2513 351 2578 ἐκ
363 2511 427 2598 γὰρ
437 2513 567 2581 τούτων
576 2521 644 2580 τῶν
654 2516 746 2581 ἐθῶν
757 2511 829 2581 οὔτ’
842 2507 886 2580 ι’ἰν
896 2512 1061 2598 φρόνιμος

61 2607 169 2687 οὐδείς
179 2631 258 2674 ποτε
268 2611 425 2691 γενέσθαι
434 2617 502 2676 τῶν
512 2607 579 2678 ύπδ
592 2611 652 2679 τόν
661 2608 810 2697 ούρανόν
820 2609 1014 2694 ἄνθριόπων
1024 2612 1061 2677 ἐκ

58 2708 139 2773 νόου
165 2704 368 2790 ἐπιτηδεύων
390 2706 542 2792 δύναιτο,
564 2706 625 2794 ούχ
649 2707 737 2776 οὕτω
760 2714 939 2792 θαυμαστῇ
960 2704 1061 2789 φύσει

58 2803 272 2889 κραθῆσεται,
284 2801 432 2887 σαόφρων
444 2803 480 2892 δὲ
490 2800 564 2869 οὐδ’
579 2801 624 2871 ἂν
633 2805 792 2892 μελλῆσαι
803 2801 882 2868 ποτὲ
892 2804 1060 2885 γενέσθαι,

58 2902 113 2967 καὶ
134 2899 174 2986 δῆ
191 2904 246 2968 καὶ
258 2901 401 2986 περὶτῆς
418 2897 519 2983 ἄλλης
533 2895 652 2984 ἀρετῆς
667 2900 685 2967 ὁ
703 2895 803 2977 αύτδς
820 2897 919 2982 λόγος
934 2894 978 2965 ἂν
999 2906 1060 2984 είη.

59 2999 153 3077 πόλις
170 3024 205 3065 τε
222 2995 360 3084 ούδεμία
377 2993 420 3065 δν
437 2995 598 3083 ἠρεμῆσαι
614 2994 698 3064 κατὰ
714 2997 839 3081 νόμους
854 2993 930 3064 οὐδ’
948 2992 1060 3063 οὑστι-

59 3104 186 3164 νασοῦν
204 3094 339 3180 ἀνδρῶν
355 3099 517 3181 οίομένων
534 3091 724 3164 ἀναλίσκειν
740 3093 802 3182 μὲν
817 3099 888 3164 δεῖν
904 3094 1012 3162 πόντοι
1028 3096 1061 3172 ἐς

58 3192 254 3282 ὑπερβολάς,
266 3193 380 3281 ἀρνῶν
392 3198 427 3262 δὲ
439 3201 484 3275 είς
502 3194 631 3264 ἅπαντα
648 3193 844 3284 ἡγουμένων
861 3187 905 3263 αὖ
923 3199 992 3263 δεῖν
1007 3200 1059 3280 μί-
1076 3223 1098 3274 1>

58 3303 201 3381 ννεσθαι
223 3291 311 3379 πλῆν
331 3297 377 3370 είς
397 3291 534 3378 εὐωχίας
556 3292 612 3364 καὶ
634 3294 757 3373 πότους
777 3295 833 3362 καλ
855 3289 1061 3378 ἀφροδισίων

59 3391 208 3495 σπουδὰς
220 3395 497 3479 διαπονουμένας·
520 3391 703 3480 ῶναγκαλον
714 3391 750 3461 δὲ
768 3388 1079 3465 είναιπαόταςτίιω

1174 3472 1185 3563 λ
