2408 3764
71 166 135 234 378
481 170 672 230 ΣΧΟΛΙΑ
1032 176 1083 243 με

71 328 119 437 69
126 331 199 436 πρός
212 359 241 398 τι
253 327 315 405 πδς
334 325 499 432 ἐχοῦσρς
468 355 520 406 τας
542 356 618 395 κατα
605 323 771 417 ’μίρος,’
751 359 791 408 ως
808 325 929 430 75036
946 328 1083 397 καθόλου

71 412 221 517 ὑπάρχειν
233 410 340 478 αὐτῶν.
372 409 411 490 ὡς
422 410 493 478 ὅλον
504 415 560 520 μέγ
571 414 616 516 ἐλρ
627 416 717 562 μέρη,
739 439 775 477 ου
764 409 822 478 ’τὸ
835 407 893 499 πρδ
908 420 973 478 νῦν
980 422 1083 520 μερῦν

72 509 172 576 (τοῦτο
187 494 244 583 γὰρ
257 492 437 601 6666662666)
424 441 548 574 )οῒλλμε
528 524 568 604 ορς
583 492 621 561 66
634 499 667 562 ἐν
681 505 742 573 τοῖς
753 498 901 599 μέρεσιν·
905 495 989 560 ἐκ
952 507 1083 602 γαρτῦν

72 611 148 649 κατα
136 577 281 689 μέρος
266 607 286 690 6
300 575 385 686 66666
401 576 497 686 ἀρετή.
533 575 608 645 6666
622 583 704 645 666
689 578 796 662 εκοίστη
810 589 869 646 τῦν
882 574 1004 685 ἆρετιῦν
1016 580 1083 692 6666

72 669 204 813 τίέστιιρ,
220 662 318 730 ἀλλ”
298 693 338 742 ος
351 671 384 729 τὸ
399 667 432 729 ἐν
446 691 487 751 τῳ
473 660 605 771 66666‘
595 661 672 730 6666.
694 690 730 730 ου
720 663 887 770 '66666666
900 658 966 748 μήν
979 669 1035 731 καὶ
1049 663 1083 742 ὥς

70 752 195 833 γένοςί
168 773 181 813 ε
193 777 208 824 ς
222 753 286 831 εἴδη
300 754 482 852 διαιρεῖσθαι
493 745 751 854 ήντιδιαιροῦμενα
761 752 825 832 μέν,
839 745 896 815 οῦκ
905 751 1013 816 ἐναντί
1012 778 1033 815 6
1045 753 1082 856 δέ,

70 834 126 939 ὅγε
135 835 186 896 καί
200 833 239 909 ὡς
258 831 332 937 πρός
348 859 377 897 τι
390 831 573 942 συνεισάγειρ
592 831 704 936 ῦλληλα
718 835 871 917 ἐνδέχεται.
904 831 1011 899 καλ
973 861 1037 920 γαρ
1049 833 1083 900 66

70 910 131 981 666
143 912 199 1001 666
216 912 324 1001 ἆρετήν
318 919 417 1020 είδή,
435 943 469 982 το
472 943 537 1021 666
550 942 656 1022 αρχον,
672 914 711 993 ὦς
725 921 761 981 66
773 944 825 982 του
811 925 963 1021 λογικοῦ
976 922 1082 1004 μέρους

69 996 220 1105 ἆρεταλ
183 1027 236 1103 της
248 1005 361 1082 ψυχῆς,
371 1026 409 1064 τα
423 995 480 1064 6”
462 997 617 1085 αργόμενα,
633 998 673 1077 ὡς
686 1005 721 1065 αλ
732 1027 785 1065 τοο
771 996 917 1086 ἀλόγου.
939 1005 1082 1069 τοῦτοδὲ

70 1112 130 1150 των
141 1109 216 1169 προς
229 1110 265 1148 τι.
287 1091 322 1146 R.

153 1192 190 1246 Α.
212 1187 359 1290 δηλοῦντα
370 1178 518 1264 μόνον]οί
523 1178 890 1268 γδρΛοέκοονεςπολονοία
899 1179 1016 1264 μέν,’
979 1208 1017 1248 ου
1029 1210 1080 1250 πο·

69 1271 192 1354 λυλογία
206 1261 286 1369 66‘
267 1293 305 1342 ος
316 1262 483 1370 Ἀθηναῖοι,
497 1268 631 1371 ἐχρῶντο.
651 1273 687 1371 R.

154 1359 188 1413 B.
209 1345 242 1414 66
261 1344 379 1459 περί
347 1375 400 1425 τας
406 1348 619 1454 καρτερήσεις]
642 1345 694 1426 τδς
714 1348 957 1455 διαμαστιγῶοεις
978 1354 1078 1433 φησίν

68 1434 202 1536 ἐγένοντο
217 1428 297 1497 δ’
258 1456 346 1497 ουτοι
360 1429 475 1536 πρὸς
445 1460 486 1497 το
474 1439 643 1517 Ηβαμρῦ
606 1459 658 1515 της
665 1428 827 1542 Ὀρθοσίας
836 1428 1066 1537 Ἀρτέμιδος,
1030 1461 1079 1518 της

66 1513 123 1599 τήν
132 1520 284 1580 πολιτείαν
295 1497 492 1621 ἆνορθοήοτγς
512 1516 697 1602 παρειστήκει
703 1512 764 1666 ρδρ
775 1516 911 1601 ήταῦτης
921 1520 1017 1625 ίέρεια
1027 1521 1077 1600 φέ-

68 1598 162 1704 ρουσοὶ
178 1626 206 1665 τι
221 1601 269 1664 ἐπὶ
287 1607 340 1682 τῆς
354 1594 446 1707 χειρὸς
467 1602 682 1684 κεκρυμμένον,
740 1603 823 1689 μέχρι
839 1608 893 1666 τοῦ
907 1609 967 1668 νῦν
980 1598 1076 1706 δι’γνα-

69 1681 139 1749 οτόν
153 1686 222 1791 6666,
238 1687 290 1748 καί
303 1686 330 1749 εί
342 1675 431 1787 μὲν
408 1707 497 1768 ηττον
508 1707 562 1747 του
548 1685 689 1760 δέοντος
700 1686 888 1795 ἐμαστιγοῦτο
899 1695 1011 1764 (κινεῖν
1020 1681 1076 1770 γδρ

68 1763 120 1873 663
135 1777 231 1853 χεῖρας
247 1763 303 1832 οῦκ
317 1764 436 1851 ἐτόλμα,
459 1770 546 1874 ἔγρεο
546 1764 653 1844 ταῦτας
668 1769 715 1832 ἐπὶ
732 1777 784 1852 τῆς
797 1776 928 1873 κεφαλῆς
943 1766 961 1834 6
975 1788 1075 1874 μαοτι·

67 1850 214 1936 ζόμευος),
185 1854 390 1958 )ἐβαρεῖτο
382 1854 484 1958 ἐκείνη
490 1846 550 1916 ῦπδ
563 1877 615 1916 του
601 1854 811 1936 φερομένου,
827 1852 959 1930 δεόντως
977 1852 1052 1920 δέ
1019 1879 1076 1936 τήν

68 1941 157 2023 δίκην
171 1933 225 2002 66‘
209 1947 317 2022 οπεῐγε,
334 1933 453 2038 κοῦφος
468 1963 489 2019 6
475 1932 593 2053 ‘6666oe
607 1938 757 2002 διετίθετο.
779 1947 812 2001 Β.

151 2043 184 2103 Β.
206 2042 270 2111 ταῖς
285 2033 364 2121 χερσὶ
377 2032 494 2141 μάχαις]
509 2029 561 2112 τδις
575 2039 757 2141 6666666666
756 2062 790 2140 63
805 2037 888 2119 λέγει.
910 2033 1073 2119 γυμνάζον-

68 2139 113 2192 τες
131 2113 189 2201 γδιρ
203 2114 271 2193 τοὺς
284 2121 393 2194 παῖδας
415 2120 447 2182 ἐν
463 2115 543 2223 6666
559 2116 678 2183 τῦπτειν
697 2114 867 2222 ἀλλήλους
861 2122 982 2184 ἐποίουν
985 2124 1074 2224 μέχρι

67 2203 160 2307 νίκης.
176 2202 266 2266 ἐνίοτε
277 2202 309 2266 δέ
319 2201 370 2264 666
377 2209 510 2310 σφαῖραν
520 2231 541 2284 6
528 2198 624 2268 ”660
635 2228 662 2305 γι
674 2199 875 2309 έρρίπτουν,”
852 2222 923 2307 6666
933 2198 995 2268 τὸν
996 2211 1073 2289 πρῶ-

66 2309 119 2347 τον
133 2282 308 2367 ἁρπάσαντα
320 2291 418 2370 6666.
439 2311 490 2349 και
480 2279 597 2360 πολδς
612 2280 711 2401 666663
726 2311 810 2362 ουτος
823 2312 840 2351 ο
857 2280 948 2370 ἆγιδν
970 2295 1007 2352 Β.

151 2387 329 2528 Β.κροπτεί
327 2409 347 2445 6
366 2390 421 2458 τις]
440 2376 544 2485 ήφίετή
556 2408 600 2458 τις
613 2375 673 2484 666
689 2390 750 2488 τῆς
754 2382 868 2490 πόλεως
878 2385 943 2488 νέος
953 2376 1047 2490 ἐφ’,’
1021 2411 1075 2450 ωτε

67 2459 109 2544 μή
129 2459 300 2565 δφθήνοιέ
299 2490 333 2529 πι
323 2462 465 2529 τοσόνδε
485 2463 602 2569 χρόνορ.
631 2459 868 2572 ἠναγκάζετο
832 2464 938 2533 ουντδι
949 2465 1016 2579 ὅρη
1023 2494 1073 2534 πε-

69 2548 251 2649 ριερχόμενος
263 2551 313 2612 666
324 2546 395 2651 μήτε
406 2548 563 2612 καθεῦδον
568 2540 676 2651 σἰδερῑς,
683 2546 785 2635 ἵναμή
795 2560 909 2660 ληφθῇ,
915 2550 988 2635 μήτε
998 2551 1073 2662 666

68 2631 163 2714 ρέταις
183 2628 329 2742 χρώμερος
342 2628 413 2714 μήτε
428 2636 504 2696 σιτία
518 2630 726 2739 ἐπιφερόμενος
744 2641 855 2740 διαζήν.
889 2635 959 2702 ἄλλο
976 2638 1011 2702 δὲ
1023 2639 1074 2702 καί

66 2721 152 2778 τοῦτο
152 2720 330 2818 γυμνασίας
343 2714 421 2792 εἶδος
434 2711 507 2820 πρὸς
520 2713 661 2821 πόλεμον
684 2713 861 2827 ἆπολῦορτες
878 2715 936 2806 γδρ
952 2721 1074 2787 εκοστον

66 2794 182 2906 γυμνὸν
191 2801 384 2902 προσέταττον
395 2796 558 2865 ἐνιαυτδν“
541 2809 611 2866 ολον
622 2804 676 2880 ἐξω
687 2804 790 2880 ἐντοῖς
801 2803 879 2890 ὄρεσι
889 2812 1072 2910 πλανᾶσθαι,

67 2906 119 2944 και
109 2882 279 2986 τρέφειν’
264 2879 369 2949 εαοτὸν
383 2879 433 2949 666
447 2892 558 2968 κλοπῆς
573 2887 623 2950 καὶ
635 2894 695 2950 τῦν
707 2885 869 2993 τοιοῦτον,
870 2886 947 2954 οὕτω
959 2885 1025 2956 δέ”
1001 2910 1074 2955 οστε

65 2967 171 3069 μήδενὶ
186 2963 352 3115 666666666
366 2971 534 3073 γενέσθαι.
537 2965 583 3033 διὸ
596 2995 646 3033 και
636 2968 831 3055 κρυπτείο’
810 2970 1057 3055 ονόμαστοικο
1007 2977 1072 3039 ἐκο-

67 3045 238 3125 λάζοντο
204 3076 261 3135 γαρ
276 3076 292 3115 ο
293 3050 507 3137 [ὁπουδήποτε
519 3046 670 3135 ὀφθέντες.
689 3063 723 3118 R

551 3244 587 3301 Β.

151 3341 182 3397 Ρ.
196 3342 248 3403 ⁶76
261 3343 291 3400 C.
313 3331 478 3418 ἅκταίνειν,
495 3343 639 3424 γοοριρῖν,
654 3329 787 3414 ἆτοὶιιτος
800 3339 915 3424 πρδᾷν,
931 3332 953 3420 6
966 3354 1072 3421 μετεκο-
