2422 3758
452 159 682 229 ΑΞΙΟΧΟΣ.
880 187 891 208 ’
1018 165 1081 233 141

155 331 192 396 X.
215 330 290 394 Σίλ.
311 325 501 403 Σονάιιτεις
515 323 591 409 γάρ,
610 316 638 391 6
664 321 794 413 Ἀξίοχε,
813 324 1080 414 ἀνεπιλογίστως,

75 436 112 516 τῇ
130 423 282 511 στερήσει
306 429 375 491 τοῖν
393 421 533 507 ἀγαθῶν
552 419 760 507 ἀντεισάγων
779 432 894 493 κακοῖν
909 435 1079 513 αἴσθησιν,

75 519 337 609 ίκλαθόμενος’
317 546 369 589 οτι
388 523 560 607 τέθνηκας.
600 529 702 588 λυπελ
712 521 787 643 γὰρ
801 519 864 591 τόν
880 523 1082 609 στερόμενον
1097 539 1150 595 370

72 629 137 692 τῶν
152 618 327 706 ἀγαθωνή
344 618 542 687 ἀντιπάθειαι
552 616 789 739 ταλακακοόν,ό
808 617 840 686 δ’
856 617 919 689 οάκ
938 614 987 688 ἀν
1003 619 1081 691 οὐδὲ

72 728 125 808 τῆς
136 718 322 806 στερήσεως
333 715 625 804 ἀντιλαμβάνεται·
648 742 718 795 πως
728 708 793 784 οὖν
803 719 855 784 ἐπὶ
865 725 911 807 τῷ
922 745 966 806 μη
956 717 1081 804 παρί-

72 827 159 902 ξοντι
169 825 299 903 γνῶσιν
312 823 381 883 τοῖν
395 815 616 902 λυπησόντων
631 810 792 901 γένοιτ’”
769 840 813 882 αν
822 840 844 900 η
831 786 962 900 ’λάπης
976 814 1082 903 ἀρχήν

70 917 143 1004 γάρ,
163 943 191 984 ω
179 909 341 999 Ἀξίοχε,
359 939 404 999 μη
394 908 763 999 ι’συνυτιοτιθέμενος
746 918 838 998 αμοῖς
857 915 897 996 γε’
914 935 984 990 πως
1002 921 1082 999 μίαν

69 1023 238 1100 αἴσθησιν,
251 1009 333 1080 κατά
344 1011 382 1078 τό
394 1009 629 1098 ἀνεπιστῆμον,
641 1007 705 1078 οὐκ
711 1009 756 1079 ἀν
766 1033 846 1078 ποτε
857 1017 1012 1096 πτυρείης
1020 1010 1081 1078 τὸν

68 1113 234 1181 θάνατον·
270 1114 393 1178 νῦνδὲ
415 1111 620 1196 περιτρέπεις
643 1108 802 1193 σεαυτόν,
825 1108 1081 1195 δειματούμενοι·

69 1208 290 1296 στερήσεσθαι
302 1216 359 1295 τῆς
370 1217 487 1295 ψυχῆς,
501 1234 541 1296 τη
526 1209 749 1294 όὲστερήσει
765 1210 945 1293 περιτιθεὶς
959 1207 1080 1293 ψυχήν,

68 1310 120 1376 καὶ
131 1306 314 1394 ταρβεῑςμλ
316 1333 337 1373 ν
347 1305 382 1374 τό
397 1333 441 1393 μη
433 1306 690 1394 αἰσθήσεσθαι,
706 1307 959 1424 καταλήψεσθαι
969 1305 1006 1374 δε
1020 1315 1083 1374 οίει

67 1430 129 1490 την
139 1431 204 1474 ουκ
223 1408 387 1491 ἐσομένην
405 1413 565 1489 αἴσθησιν
580 1403 748 1488 αίσθήσει·
770 1404 855 1489 πρός
868 1429 915 1494 τφ
935 1401 1081 1483 πολλους
1097 1415 1117 1465 Β

68 1504 120 1570 καί
138 1502 263 1582 καλοὺς
280 1502 365 1570 εἶναι
381 1501 503 1590 λόγους
518 1503 593 1587 περὶ
613 1509 672 1587 τής
685 1499 873 1582 ἀθανασίας
890 1510 948 1622 τής
964 1509 1111 1588 ψυχῆς.-

67 1599 108 1668 06
119 1598 185 1685 γάρ
197 1599 238 1686 δή
253 1601 362 1687 θνητή
374 1625 411 1685 γε
423 1600 525 1686 φύσις
541 1591 673 1666 *οὖσα*
690 1596 868 1667 τοσόυθ’”
845 1627 888 1667 αν
900 1598 1003 1686 ήρατο
1021 1624 1081 1685 με·
1180 1672 1186 1689 Ι

68 1706 280 1785 γεθουργιάς,
295 1698 379 1767 όόστε
390 1705 643 1785 καταφρονῆσαι
653 1697 713 1782 μὲν
723 1695 1003 1784 ὑπερβαλλόντων
1012 1707 1080 1783 θη-

68 1806 240 1888 ρίωνβίας,
249 1801 556 1884 διαπεραιάσασθαι
565 1801 601 1866 δὲ
612 1799 748 1885 πελάγη,
758 1796 1079 1885 θείμασθαιόὲάστη,

67 1898 341 1983 καταστήσασθαι
355 1898 391 1967 δὲ
402 1905 578 1984 πολιτείας,
590 1895 777 1984 ἀναβλέψαι
790 1896 826 1964 δὲ
837 1901 883 1974 είς
899 1893 960 1965 τόν
974 1892 1079 1980 οὐρα-

67 1995 128 2064 νόν
139 1998 196 2066 καὶ
207 2001 291 2064 ἰδεῖν
302 1995 487 2082 περιφοράς
498 1996 630 2081 άστρων
640 1999 695 2064 καὶ
706 1995 853 2082 δρόμους
863 1991 961 2082 ήλίου
971 2020 1007 2062 τε
1024 1996 1079 2061 καὶ

68 2095 207 2182 σελήνης
218 2098 376 2175 ἐκλείψεις
388 2122 424 2162 τε
441 2098 495 2164 καλ
512 2101 640 2179 ταχείας
656 2092 946 2177 ἀποκαταστάσεις,
965 2098 1079 2178 ἰσημε-

69 2199 139 2276 ρίας
147 2218 183 2258 τε
195 2194 250 2259 καί
261 2191 386 2274 τροπάς
401 2190 510 2270 διττάς
523 2197 683 2277 χειμῶνος
694 2193 749 2258 καλ
764 2194 889 2276 θέρους
900 2192 955 2256 καὶ
966 2188 1075 2256 πλειά·
1095 2206 1113 2254 C

69 2293 135 2357 βων
151 2288 317 2368 ἀνατολάς
338 2316 372 2359 τε
395 2293 450 2358 καὶ
470 2290 583 2369 βάσεις
604 2286 746 2376 ἀνέμους
763 2314 798 2354 τε
815 2290 870 2355 καλ
886 2287 1079 2374 καταφοράς

68 2383 205 2474 ὄμβρων
221 2389 276 2455 καλ
297 2388 496 2474 πρηστήρων
517 2391 679 2469 ἐξαισίους
700 2386 859 2474 συρμοός,
881 2386 938 2454 καὶ
954 2385 994 2455 τόι
1017 2393 1080 2454 τοῦ

68 2486 197 2571 κόσμου
207 2485 389 2572 παθήματα
400 2487 659 2574 παραπήξασθαι
677 2483 761 2572 πρὸς
777 2485 838 2552 τόν
854 2489 969 2570 αίάνα,
987 2490 1017 2552 εί
1032 2483 1078 2571 μή

67 2607 97 2649 τι
106 2591 205 2651 θεῖον
217 2581 321 2662 ὅντως
331 2586 411 2671 ἐνήν
423 2583 554 2671 πνεῦμα
565 2592 607 2673 τῇ
618 2593 717 2672 ψυχή,
730 2581 774 2652 δι’
786 2575 830 2651 06
839 2581 903 2670 τήν
913 2591 982 2651 των
992 2590 1077 2667 τηλι·

68 2684 174 2748 mv&
191 2685 363 2766 περίνοιαν
376 2685 432 2749 καί
443 2690 569 2768 γνῶσιν
585 2688 687 2768 ἔσχεν.
733 2704 736 2709 ’
815 2706 818 2710 ’

149 2783 200 2846 xl.
216 2777 315 2845 Ὥστε
328 2777 389 2846 οὐκ
402 2786 447 2857 είς
458 2781 609 2848 θανατον
620 2778 696 2848 αλλ
716 2785 761 2858 είς
775 2777 966 2845 ἀθανασίαν
977 2802 1077 2862 μετα-

68 2882 188 2964 βαλεῖς,
206 2902 233 2943 ω
220 2869 372 2964 Ἀξίοχε,
388 2875 501 2945 0666'
481 2903 552 2962 αφα
553 2881 659 2962 ίρεσιν
670 2880 750 2956 ἕξεις
760 2881 829 2942 των
839 2871 991 2959 ἀγαθων,
1006 2871 1074 2943 ἀλλ’

69 2974 397 3058 είλικρινεστέραν
362 3002 424 3064 την
440 2973 636 3061 ἀπόλαυσιν,
651 2972 730 3042 066
747 2977 945 3060 μεμιγμένας
960 2978 1078 3061 θνητφ

69 3093 193 3160 σωαατι
203 3102 262 3153 τας
280 3071 413 3178 ἡδονάς,
436 3072 509 3144 ἀλλ’
524 3071 689 3161 ἀκράτους
709 3071 850 3141 άπασων
865 3068 1070 3158 ἀλγηδόνων.
1090 3085 1110 3133 1>

68 3173 169 3240 ἐκεῖσε
189 3171 254 3259 γάρ
276 3170 385 3259 ἀφίξει
398 3164 570 3262 μονωθεὶς
586 3176 622 3242 ἐκ
639 3177 797 3261 τήσθε
755 3199 813 3260 της
831 3176 970 3259 είρκτής,
989 3177 1075 3240 ἔνθα

69 3269 176 3340 ἀπονα
190 3273 298 3341 πάντα
311 3275 366 3343 καὶ
380 3273 562 3344 ἀστένακτα
572 3277 635 3343 καὶ
650 3271 809 3361 ἀγήρατα,
821 3269 963 3358 γαληνὸς
974 3271 1013 3339 δέ
1027 3295 1075 3348 τις
