2408 3764
71 212 123 269 τοι
299 183 876 264 EIATHNHOAITEIAN'
967 191 1068 269 ’τοι

154 377 186 431 Ε.
209 370 341 443 ἐπιεικως
357 393 389 431 το
405 369 528 468 ἱκανάς,
545 390 584 441 ας
597 391 662 428 νυν.
688 367 840 467 σημαίνει
832 365 864 429 66
874 360 963 429 παλ
936 393 968 431 το
979 391 1069 449 πανυ,

45 488 46 492 ,
70 478 121 515 παι
112 454 263 559 παραδόξ
264 478 312 530 ως,
325 453 376 513 καὶ
386 474 446 533 παρ
444 442 578 529 ’ἐλπίδα,
588 449 640 511 τιαλ
650 442 720 528 μετά
736 444 932 532 χρηστότητος,
953 453 1003 513 καὶ
1019 477 1069 532 με·

70 537 373 635 0949990099409039·
396 540 429 595 R

154 633 206 687 432
220 627 248 683 C.
271 612 342 681 εἰ
299 643 365 720 γαρ
377 614 500 697 ὄφελον]
513 608 648 679 εόατιιιδν
658 615 811 699 ἐπίρρημα.
833 623 865 678 Β.

155 711 185 766 C.
207 695 323 777 ἰοδίοδ]
345 695 559 802 σχετλιαστιιιον
569 698 721 800 ἐπίρρημα
741 705 775 761 R

154 794 251 852 4344.
272 781 369 847 πάντα
385 773 476 846 τάλλα
492 779 747 888 μεταλλαττόμενα]
766 777 831 845 ιἰντδ
849 790 901 847 τοῦ
912 783 1006 860 πάσας
1017 779 1070 860 τδς

70 868 212 945 άλλαςὲ
178 895 281 973 τχυας
305 857 529 973 άμειβομλνας
513 860 562 931 σοι’
579 860 671 930 αότου
657 862 825 947 ’ἷμίαν,
796 890 858 930 ετα
875 868 987 950 ἕτδραν,
1009 865 1071 932 εἶτα

69 950 265 1034 πάλιυάλλην
276 947 439 1032 παδάλλην.
457 956 490 1013 Β.
1123 956 1126 964 ’

154 1045 247 1103 4361).
269 1038 482 1120 χαριεντίζοιτο]
504 1028 754 1117 εὖτραπελεάοιτο,
776 1029 919 1114 στάπτοι,
941 1030 979 1110 ὡς
992 1016 1070 1114 Ἀρι-

70 1117 219 1199 στοφάνς

132 1144 299 1287 χαρόεντλζει
308 1203 359 1266 καὶ
371 1195 582 1278 καταπαίζεις
566 1207 652 1302 ημῶν
662 1201 713 1262 καλ
709 1199 938 1306 βμμολρχεάει
944 1208 977 1264 Β.

152 1297 204 1354 437
214 1298 250 1350 A.
273 1279 488 1368 διασαφητιιιόν
498 1279 531 1349 τό
542 1282 577 1365 6,
594 1277 660 1347 άντλ
670 1289 723 1347 τοῦ
733 1280 822 1368 ἤπερ,
841 1281 938 1349 alost
916 1309 991 1367 ηπερ
1001 1282 1071 1349 ταό·

68 1395 85 1434 τ
136 1378 169 1433 R.

85 1397 114 1457 η
151 1463 247 1522 439Β.
265 1479 305 1537 τῳ
292 1448 405 1559 αὐτῷ]
418 1459 459 1539 τῷ
471 1453 576 1516 ἑαυτου
562 1452 673 1534 μέρει.
690 1446 819 1533 ημδν
785 1477 842 1534 γαρ
853 1449 1027 1532 δπιθυμια
1007 1476 1072 1535 αγει

68 1532 141 1619 πρός
151 1533 183 1602 τό
193 1546 280 1616 πιεῖν,
293 1562 309 1600 ο
297 1532 353 1601 ‘66
359 1516 449 1640 λόγος
458 1529 609 1600 άνδέλυει.
627 1542 661 1597 Β

151 1633 249 1688 944οΑ.
274 1617 470 1725 ἐμπλήσθητε]
459 1613 769 1701 Ήόφθαλμολδηλαδή.
792 1627 825 1682 R.

151 1714 183 1769 Β.
204 1711 256 1769 τοῦ
266 1703 400 1770 τοιούτου
411 1705 504 1788 λέγει,
518 1709 574 1769 τοῦ
585 1711 785 1788 συμμαχεῖν
755 1728 795 1767 τοο
783 1699 923 1807 λόγῳ
896 1727 948 1769 τον
953 1701 1068 1809 θυμόν.

68 1813 84 1852 ο
71 1783 129 1852 δὲ
140 1797 210 1864 νοῦς
222 1781 324 1898 ρδτος
341 1797 406 1864 ταῖς
416 1787 449 1891 δὲ
458 1789 630 1868 ἐπιθυμίαις
640 1806 672 1850 σε
683 1783 904 1890 κοινυνήσμνρα
914 1794 979 1862 ταῖς
988 1782 1069 1851 6660-

66 1875 239 1955 γίστοις,
191 1899 242 1936 τιατ
226 1868 435 1976 γινώσκοντα
446 1892 478 1934 σε
487 1877 572 1935 τοῦτο
584 1871 663 1934 ἔτι
627 1894 678 1952 της
688 1865 840 1980 πείρας,’
805 1895 864 1952 ουγ
869 1867 1070 1973 ὑπολαμβάνω

67 1977 99 2018 σε
115 1952 243 2020 εἰπειν’
227 1981 271 2018 οτι
293 1953 469 2060 ᾔσθημαι
445 1956 477 2018 ἐν
491 1962 555 2029 ταῖς
571 1953 718 2031 τοιαύταις
733 1953 864 2036 ἆγαθαις
881 1949 1046 2036 ἡδοναῖς
1019 1981 1070 2019 τον

67 2035 167 2140 θυμὸν
179 2033 426 2142 άντιπραττοντα
417 2047 480 2112 ταῖς
492 2037 703 2118 ἔπιθνμίοις,’
681 2059 777 2122 ωσπερ
788 2040 835 2103 ἐπὶ
845 2046 909 2113 ταῖς
916 2063 968 2103 του
955 2046 1069 2102 Λεον-

68 2115 606 2225 τίουάλόγοιςὴδοναῖςάντὲμραττεν.
626 2131 679 2186 R.

153 2213 242 2271 4431).
254 2199 672 2310 νεάτηῆγοονγήτμγόπερβυλα
672 2202 862 2308 ανηέσχατη
869 2201 1018 2308 χορδητου
1024 2208 1069 2282 δὶς

71 2286 121 2352 διδ
131 2295 234 2352 πασῶν
244 2286 432 2390 συστήματος,
443 2284 542 2392 ρπάτιγ
558 2285 616 2352 δὲ
591 2316 620 2392 6
628 2291 715 2393 μετὰ
709 2285 761 2354 τόν
755 2286 1067 2399 προσλαμβανόμενον

70 2370 226 2475 λεγόμενον
242 2369 380 2456 φθόγγον
394 2369 496 2477 πράτιγ
512 2367 603 2478 γορδὴ
613 2382 666 2438 τοῦ
677 2368 769 2438 αὐτοῦ
780 2399 831 2438 τοο
818 2375 888 2448 δις
898 2370 949 2438 διά
964 2381 1068 2437 πασῶν

69 2453 255 2536 συστήματος.
267 2460 340 2539 μέση
351 2457 383 2521 66
393 2454 491 2519 ταδ’
454 2453 530 2562 6666
540 2455 605 2560 ἤτοι
615 2460 748 2566 φθόγγος
759 2487 779 2540 6
765 2452 906 2562 ”6666
891 2487 910 2541 6
921 2461 1067 2559 τελευταία

68 2540 122 2619 μὲν
133 2545 186 2603 τοῦ
195 2537 312 2645 πράτρυ
322 2536 373 2604 διδ
383 2546 496 2645 πασῶρ,
508 2538 584 2626 άρχη
572 2534 629 2606 δὲ
639 2569 692 2608 του
678 2545 785 2606 δευτὲ
784 2569 848 2626 ρου,
865 2538 903 2618 ὡς
914 2539 989 2605 εἶναι
1000 2539 1066 2603 606-

66 2650 128 2687 των
141 2648 255 2706 αοιυην,
267 2650 306 2700 ας
316 2622 498 2706 Πτολεμαῖός
507 2626 539 2688 τέ
548 2646 622 2706 φησι
633 2628 683 2690 παλ
694 2631 725 2690 ολ
733 2624 814 2690 άλλοι
826 2629 968 2707 μουσικοί
988 2633 1020 2686 R.

546 2785 585 2841 E.

149 2883 247 2940 449Α.
268 2865 308 2960 66
324 2870 550 2980 δισυλλάβως
521 2901 553 2940 το
570 2873 761 2981 ἐπορευόμην.
785 2872 840 2941 σόν
856 2901 901 2976 πμ
883 2865 1063 2950 ἰῶταγρά-

65 2983 164 3060 φεται
191 2961 223 3022 οἱ
240 2964 314 3041 γοῦν
329 2955 467 3034 ’'1663''
445 2972 498 3061 ηϊα
514 2961 646 3043 λέγουσι,
670 2957 756 3061 κοβ”
735 2974 834 3067 ηἳσαυ
839 2952 871 3022 τό
876 2939 990 3057 ἥεσαν·
1014 2952 1065 3013 καὶ

64 3036 145 3145 6666
159 3040 382 3146 Θουκυδίδῃ
346 3068 438 3118 ουτος
455 3036 714 3148 άναγνμστέον·’
695 3070 741 3108 οτι
753 3039 928 3138 δαμάζοντες
938 3033 1064 3116 ἦῑσανὲλ

65 3121 162 3190 αὐτόν.
187 3129 217 3189 06
226 3126 259 3188 δὲ
271 3105 469 3209 ’Ἰάνεςῆεσαν
481 3125 637 3209 καδῆϊσαν.
648 3136 682 3191 Β

147 3222 199 3275 451
210 3219 246 3273 Α.
263 3205 462 3315 Ἀδράστειαν]
451 3220 556 3316 τ]ρεῑς
565 3209 729 3295 Μοίραςῖ
700 3237 714 3275 ε
727 3239 776 3276 ναι
786 3206 949 3317 θργατὲρας
957 3195 1062 3285 My·

64 3317 118 3372 αης
130 3296 234 3394 φασίν,
245 3292 373 3396 Κλωθώ,
376 3292 527 3399 Λάχεσιν,
531 3290 723 3399 ''116606063“
704 3323 742 3378 ην
753 3321 803 3358 παι
794 3284 998 3396 Ἀδράστειαν
1009 3313 1062 3351 κα-

63 3371 212 3455 λοῦσιν,“
195 3399 293 3462 οτιπερ
305 3371 360 3442 οόκ
372 3375 410 3442 άν
420 3405 462 3454 τις
471 3372 565 3458 αὐτὴν
575 3373 814 3462 άποδράσειεν,“
794 3405 814 3459 6
825 3371 869 3439 ότι
880 3367 1063 3456 άειδράστειά
