2408 3764
459 185 462 193 ,
492 140 726 211 rnunrurro.
1079 175 1144 212 xm

72 295 237 366 συγγραφῆς
256 299 312 358 Av,
333 292 429 354 sidone
446 294 497 362 τῆς
515 294 678 361 συγγραφῆς
695 298 731 348 W
749 297 784 348 od
799 310 903 347 sensum
915 313 991 362 vore,
1011 300 1070 361 quis
1089 299 1144 349 dtr-

70 371 146 437 logus
172 370 321 434 respicitur,
346 368 419 432 cujus
438 383 461 419 c.
481 368 497 417 5
514 368 630 415 inventor
643 366 712 417 Pluto
730 367 906 433 praedicetur,
935 367 1042 417 articulo
1060 376 1145 418 temen

70 455 121 490 non
139 440 223 505 magis
241 452 317 501 quum
334 436 460 501 particulo
484 451 549 501 opus
567 447 625 484 esse
652 441 720 485 ratus
750 437 959 486 circumscribere
983 436 1049 486 hono
1084 452 1145 487 num

71 502 200 574 corrigere
215 507 309 565 malni3
325 521 408 568 neque
425 506 499 555 aliter
514 519 574 554 mox
593 503 611 555 l.
631 503 647 551 7
666 519 707 553 me
725 507 806 571 gessi,
826 507 870 555 ubi
889 520 969 569 quum
984 508 1007 556 A
1033 452 1145 566 δόῆειέν

70 567 129 626 ἔστι
149 577 284 643 praebeat,
307 573 357 625 hoc
375 589 477 639 quoque
493 581 582 624 notare
600 571 680 620 satius
698 574 779 623 visum
797 582 836 624 est
855 590 931 638 quom
950 564 987 624 dv
1007 591 1065 625 cnm
1081 576 1144 625 We·

70 654 215 696 stermunno
234 646 401 710 substituere,
418 643 489 708 quod
503 644 551 691 etsi
569 646 709 689 structurae
727 644 821 707 optime
843 646 972 703 convenit,
992 644 1145 701 emendandi

69 722 154 765 tomen
179 717 256 766 etium
281 715 345 764 olins
361 715 417 764 vics
440 719 470 761 ut
495 702 574 768 δόξει
594 700 669 785 εἶναι
688 709 811 772 relinquit.
839 738 872 749 -
895 715 925 763 L.
946 713 980 766 13
1004 711 1145 779 μαγνῆτιν

69 784 141 848 HW,
161 785 294 850 μοιγυῖτιν
313 784 346 832 A.
365 807 400 817 —
414 782 445 830 L.
458 777 493 829 16
514 772 713 839 λοιμωξαντων
731 777 766 836 Η,
784 774 974 843 λοιμσξσὶντωυ
992 786 1029 848 Α,
1048 783 1145 847 λοιμο-

69 845 179 913 ζσύτων
197 855 237 914 V,
260 841 482 915 tosprcooo'veow
502 845 537 894 W
558 846 677 908 idemque
701 861 761 895 mcx
784 845 895 910 Antioc
911 867 958 916 pro
976 842 1144 916 Ἀθηναίων,

70 922 139 986 quod
156 924 204 972 etsi
222 923 255 972 ad
272 919 409 970 historiam
424 916 583 966 verissimum
601 922 647 995 opt,
667 915 783 979 recipere
800 924 884 965 tumen
901 933 952 968 non
966 923 1049 987 msgis
1066 923 1145 971 susti-

71 992 118 1041 nui
135 1006 213 1053 quum
235 1007 257 1040 c.
275 990 302 1037 4.
320 987 338 1035 1.
358 976 546 1052 5Ἑρμαγόρᾳ
564 997 611 1048 pro
629 981 787 1052 Ερμίτωιφ,
812 986 935 1048 quianon
953 998 1049 1039 constet
1066 990 1145 1042 libre·

70 1053 890 1188 strenuissimiexcutimusut,
1101 1056 1146 1176 t:

71 1187 231 1244 πλοισισὶσαι
248 1188 351 1242 τοῦτον
378 1159 413 1239 13
432 1171 512 1254 γὀοιο’
521 1190 665 1263 violentius.
692 1218 726 1229 -
750 1192 781 1245 L.
802 1192 837 1243 26
861 1160 1024 1243 ἐυαόσᾶντσ
1041 1141 1085 1243 scil
1094 1192 1148 1244 τοῦ

73 1265 136 1328 AV,
157 1264 224 1312 unde
240 1260 337 1326 jumW
350 1266 417 1337 repte
434 1250 470 1309 τὰ
493 1259 597 1311 sustulit
603 1281 616 1339 p
635 1261 752 1324 equidem
770 1268 855 1311 tomen
870 1262 1080 1343 circumscribere
1095 1272 1147 1313 set-

72 1330 296 1464 sunit
304 1328 1146 1465 ,uttstttuurtnntt{nititur

71 1469 114 1518 dut
131 1468 192 1518 Gell.
220 1467 250 1522 N.
269 1470 323 1518 Att.
347 1467 391 1520 Ili.
411 1467 461 1528 17,
485 1482 637 1531 quamquam
661 1468 725 1518 ulios
750 1470 826 1519 etium
846 1471 922 1519 tertie
943 1484 1005 1521 usos
1032 1472 1146 1522 ostendit

68 1537 158 1590 Iambl.
184 1538 218 1588 sd
241 1536 341 1587 Nicom.
363 1536 472 1586 Arithm.
496 1552 524 1602 p.
550 1537 610 1588 148.
627 1526 778 1602 Ἀργυρίων
800 1553 877 1602 vero,
907 1541 975 1602 quod
1001 1541 1140 1592 Westerm.

69 1610 223 1658 assentiente
236 1608 351 1673 Roepero
370 1606 397 1655 in
413 1598 559 1672 ἀργυρέων
578 1607 669 1656 mutari
684 1608 776 1672 jussit,
794 1609 852 1673 ipse
868 1605 941 1658 Pluto
954 1617 1041 1660 tuetur
1057 1610 1139 1678 Legg.

68 1679 101 1730 V.
115 1692 143 1742 p.
155 1676 251 1736 7421);
271 1690 319 1726 neo
330 1665 464 1738 ὁλκάδας,
483 1691 534 1739 quo
552 1677 621 1727 idem
638 1675 760 1740 deinceps
769 1685 914 1743 corruptum
921 1670 1046 1746 τῆβοὶδας
1056 1695 1141 1730 emen-

68 1746 123 1810 dat,
141 1747 223 1812 magis
242 1746 325 1811 placet
343 1759 420 1808 quum
438 1744 508 1808 quod
524 1747 581 1811 ipse
600 1746 698 1809 conjeci
712 1737 842 1812 σκιάδας,
865 1748 957 1809 quibus
975 1748 1002 1798 in
1018 1750 1142 1800 aedificiis

68 1823 92 1865 et
107 1815 303 1866 Atheniensium
331 1822 452 1881 prymnes
477 1820 502 1865 et
524 1814 783 1866 Lacedaemoniorum
809 1818 928 1867 convivio
955 1825 979 1868 et
1005 1821 1141 1869 conciones

68 1886 219 1951 congregari
238 1884 328 1935 solitos
345 1898 402 1934 esse
419 1890 532 1945 constan
549 1884 584 1934 cf.
602 1886 677 1935 Pons.
698 1885 740 1937 111.
757 1886 799 1947 12,
816 1884 846 1945 8,
865 1885 925 1936 Ath.
943 1887 987 1941 IV.
1006 1887 1052 1952 19,
1065 1887 1137 1937 Phot.

69 1954 133 2004 Lex.
152 1968 179 2020 p.
201 1952 262 2005 520.
281 1979 316 1990 -—
332 1951 363 2003 L.
382 1952 417 2004 tt
432 1950 485 2003 καί
499 1966 588 2019 φασιν
606 1953 641 2014 Η,
661 1950 713 2002 καί
728 1966 817 2018 φησιν
835 1953 906 2015 AW;
926 1963 952 2005 nt
970 1956 1074 2006 ubinam
1091 1955 1142 2005 hoc

68 2021 199 2073 Plutonem
215 2023 300 2073 dicere
317 2025 454 2088 putemus?
465 2052 498 2062 -
519 2021 546 2074 G.
566 2025 611 2076 VI.
631 2022 648 2075 l.
662 2022 675 2072 1
693 2012 923 2084 incovenienter,
942 2014 1073 2075 ἐνιαυτόν
1083 2026 1139 2075 AV.

69 2119 104 2130 -
121 2091 151 2145 L.
170 2093 189 2141 4
205 2081 374 2157 &appretior
398 2086 453 2141 rici
471 2093 507 2156 H,
529 2082 602 2158 sicsic
623 2084 663 2142 ἔτι
681 2084 714 2141 δέ
733 2081 807 2142 ἔστιν
824 2097 863 2153 Α,
878 2082 1047 2159 ὑπερητίὸες
1064 2093 1099 2142 W
1115 2094 1142 2140 in

69 2169 176 2225 utruque
195 2161 316 2212 editione.
342 2162 378 2199 -'·
403 2161 433 2212 L.
444 2162 488 2221 ,12
506 2158 694 2227 καθῆγητῆρα
712 2160 761 2223 W,
789 2159 970 2227 κατῆγητῆρα
988 2163 1025 2222 Α,
1047 2159 1141 2222 καθη-

68 2227 194 2296 στγτῆρα
212 2232 244 2281 V.
274 2256 309 2267 -·
334 2230 364 2284 L.
382 2230 417 2282 20
445 2215 527 2288 οὗτος
545 2222 596 2296 μὲν
613 2222 667 2296 γσὶρ
686 2229 722 2294 H,
751 2222 837 2288 σἰὖτός
855 2222 907 2293 μὲν
925 2222 978 2293 γὰρ
997 2233 1033 2289 A,
1052 2219 1141 2285 αὐτὸς

69 2290 121 2363 μὲν
142 2289 195 2348 crin
204 2303 237 2363 V,
254 2284 338 2357 οὖτος
357 2289 409 2363 μὲν
429 2284 482 2350 νῆν
491 2301 535 2351 W.
556 2326 588 2338 -
606 2299 633 2351 0.
652 2301 706 2351 Vll.
725 2300 743 2349 1.
763 2289 1141 2355 2πο11οι1Η,τιο11αιΑ.-

67 2369 97 2420 L.
119 2366 153 2419 13
171 2359 238 2426 τοὺς
257 2360 289 2417 δὲ
307 2369 344 2430 Η,
368 2365 427 2416 τῶν
446 2362 478 2418 di
496 2370 529 2422 A.
556 2396 591 2407 -
618 2369 648 2420 L.
667 2367 700 2419 19
715 2358 903 2418 ἐνθουσιῶντι
923 2368 960 2428 H,
989 2358 1141 2418 ἐνθουσια-

68 2434 157 2486 euvei
175 2438 208 2490 A.
234 2463 268 2474 -
293 2438 324 2488 L.
345 2435 379 2488 32
397 2426 546 2488 ἐκκόπτειν
564 2439 601 2500 Η,
620 2428 768 2503 &edessem
787 2442 820 2488 A.
845 2465 879 2474 —
904 2436 935 2487 L.
954 2437 988 2490 33
1007 2434 1091 2504 δίκην
1108 2438 1139 2499 Η,

68 2503 154 2570 νίκην
170 2506 202 2556 Α.
216 2533 252 2544 -
269 2508 298 2558 L.
317 2505 351 2558 36
368 2502 539 2573 προσέχουσι
557 2507 592 2573 Η,
613 2499 771 2571 προσέχωσι
789 2508 823 2557 A.
843 2535 876 2545 -
895 2506 982 2573 (iix,
1000 2507 1019 2556 1.
1038 2509 1070 2559 10
1087 2497 1139 2571 γάρ

91 2587 159 2624 ασιν
170 2573 216 2637 ii,
238 2567 290 2641 γάρ
312 2588 400 2640 φησιν
418 2579 456 2637 Α;
473 2586 498 2627 ot
516 2576 637 2641 Epicurei
650 2577 834 2642 intelliguntur.
851 2602 886 2613 -
904 2577 936 2630 L.
955 2578 995 2626 17.
1018 2576 1050 2627 18
1069 2565 1140 2624 ὅταν

66 2589 136 2694 desc
155 2638 236 2708 σῶμα
256 2630 277 2712 ῆ
294 2643 330 2705 Η,
355 2632 402 2693 ὅτ’
423 2633 460 2693 ἂν
486 2635 559 2695 ἄλλω
585 2641 665 2709 σῶμα
693 2634 713 2709 ῆ
732 2649 764 2695 Α.
802 2645 897 2696 Sensus
923 2652 974 2695 est:
999 2647 1023 2695 si
1047 2659 1139 2708 corpus

68 2713 140 2763 uliud
157 2713 206 2773 sit,
228 2714 297 2776 quod
319 2714 346 2763 in
370 2712 437 2762 illud
457 2729 492 2765 sc.
513 2728 607 2778 corpus
627 2720 701 2780 egem
724 2729 877 2779 quemquem
894 2703 963 2761 αὐτὰ
982 2714 1139 2762 commodius

67 2783 95 2832 in
112 2771 186 2831 αὐτοὶ
203 2782 244 2832 vei
260 2784 288 2833 in
304 2770 371 2832 ἄλλο
391 2783 483 2831 mutari
498 2796 549 2831 non
566 2797 641 2846 nego.
661 2809 696 2819 —
719 2782 751 2831 L.
768 2784 802 2834 30
828 2775 935 2846 καὶτῷ
953 2770 1021 2838 τούς
1039 2780 1072 2841 H,
1091 2778 1139 2831 nui

66 2842 99 2901 cd
120 2842 190 2907 τούς
210 2851 242 2902 A.
272 2877 306 2888 —
328 2850 357 2900 L.
378 2850 413 2901 32
430 2840 462 2898 τὰ
480 2840 514 2898 ἓν
533 2851 719 2915 circumscripsi
737 2859 765 2900 ut
782 2851 923 2915 glossema,
944 2850 1012 2913 qnod
1029 2844 1138 2903 τελικὸν

65 2916 126 2970 τῶν
145 2907 239 2969 ὄντων
257 2915 351 2970 αἴτιον
373 2918 513 2970 secundnm
530 2917 661 2968 Plutonem
673 2910 705 2967 τὸ
726 2909 759 2966 ἓν
781 2932 838 2968 esse
850 2917 936 2978 docet;
955 2920 982 2970 id
996 2937 1054 2971 vero
1073 2939 1140 2974 nuno

66 2990 189 3055 scriptori
207 2991 368 3055 propositum
384 3004 436 3039 non
451 2995 503 3052 est,
522 2988 568 3037 sed
580 2995 608 3035 ut
624 2978 675 3036 τὸν
695 2983 766 3036 νοῦν
784 2988 812 3038 id
830 3002 887 3038 esse
904 2999 992 3055 ueget3
1013 2992 1045 3042 ud
1064 3010 1138 3057 quem

66 3060 90 3113 si
104 3054 224 3123 τοῦτον,
251 3066 279 3108 ut
296 3074 344 3123 per
363 3066 415 3121 est,
440 3057 571 3117 retuleris,
592 3071 624 3105 ne
646 3060 771 3106 structure
788 3058 890 3122 quidem
907 3051 939 3109 τὸ
958 3052 991 3110 ἓν
1011 3063 1084 3115 seret.
1104 3089 1139 3101 -

66 3127 95 3178 G.
113 3127 149 3178 X.
169 3127 187 3178 l.
209 3129 226 3178 2
243 3124 284 3194 τῷ
303 3119 415 3191 ἐκείνην
432 3126 469 3190 H,
493 3118 525 3177 τὸ
545 3115 657 3190 ἐκείνην
668 3127 699 3179 Α.
735 3127 822 3178 Possis
840 3131 917 3179 etium
933 3119 1058 3188 ἐκείνους
1075 3124 1137 3194 τῆν,

65 3197 115 3248 sed
128 3195 193 3246 nihil
211 3198 289 3263 cogit.
308 3222 342 3259 7-
359 3198 390 3250 L.
409 3201 428 3246 4
445 3192 645 3254 συνωθοῦντες
662 3195 698 3257 H,
718 3189 904 3262 ῆνωθοῦντες
924 3200 960 3258 A,
988 3203 1029 3250 cui
1045 3201 1137 3263 prioris

65 3265 187 3317 vocabuli
206 3273 319 3316 extremo
334 3266 407 3315 litere
426 3266 524 3331 adjectu
542 3267 607 3316 iilud
628 3266 714 3327 effeci,
739 3269 808 3331 qnod
825 3267 956 3317 Plutonem
979 3284 1025 3333 per
1043 3269 1094 3315 vim
1112 3269 1137 3315 in

64 3334 280 3385 Academicorum
298 3336 454 3385 consortium
471 3336 559 3387 referri
583 3336 720 3401 significet.
750 3362 785 3373 —
812 3335 840 3384 L.
861 3337 877 3386 5
905 3326 987 3392 νέους
1015 3335 1137 3383 sententie

66 3404 203 3472 flagitante
220 3404 323 3468 eddidi,
347 3404 496 3468 praesertim
519 3419 597 3469 quum
616 3406 644 3455 in
662 3407 721 3474 ipso
746 3405 837 3457 codice
855 3409 966 3467 onutuor
979 3402 1028 3452 uei
1039 3403 1152 3460 nunnus.
