2408 3764
397 206 715 304 επιενοαειη.
1020 212 1062 279 ⁵1

58 374 139 444 ποτὲ
150 371 262 455 οὐδεὶς
274 376 328 442 ἐπὶ
339 373 486 459 δύναμιν
497 368 586 439 ἑκών
597 368 682 438 εἶσιν
689 370 894 463 ἀλιτηριώδη
909 375 1018 466 ἑαυτῷ
1027 399 1064 445 τε

57 476 115 541 καί
125 476 217 558 γάνει
228 477 275 553 είς
286 470 347 540 τὸν
358 469 410 539 ἀεὶ
421 469 624 557 χρόνον,-ίπί
640 476 810 540 πολιτείαν
825 476 864 543 δὲ
879 477 936 543 καί
946 471 1063 559 νόμων

58 569 270 659 κατασκευήν
279 578 348 640 τάν
365 569 587 639 δικαιοτάτων
602 590 639 634 τε
656 568 711 633 καὶ
728 564 891 659 ἀρίστων,
901 570 945 641 οά
960 598 993 641 τι
1012 569 1060 640 δι’

58 667 237 759 ὀλιγίστων
258 673 419 741 θανάτων
435 673 492 736 καὶ
509 670 632 752 φυγάν
653 669 872 752 γιγνομένην·
894 667 916 740 ά
935 678 1002 739 νῦν
1018 668 1061 758 δή

56 776 154 839 Δίων
164 772 333 860 πράττων,
346 765 553 856 προτιμήσας
563 761 601 831 τὸ
614 764 754 852 πάσχειν
770 761 965 837 ἀνόσια-τοῦ
978 774 1063 857 δρά-

57 887 115 936 σαι
126 869 303 958 πρότερον,
310 863 595 953 διευλαβούμενος
604 862 642 931 δὲ
652 862 938 951 μήπαθείν,ὄμως
947 873 1062 941 ἔπται-

56 986 118 1035 σεν
139 965 193 1035 ἐπ’
219 965 327 1053 ἀκρον
348 961 462 1032 ἐλθάν
481 969 544 1031 τοῦ
566 964 807 1048 περιγενέσθαι
827 968 896 1031 τοῖν
918 965 1061 1068 ἐχθροῖν,

56 1061 259 1150 θαυμαστὸν
271 1059 393 1129 παθών
405 1057 515 1128 οὐδέν.
543 1057 637 1140 ὅσιος
645 1058 711 1148 γὰρ
721 1058 907 1149 ἀνθρωπος
917 1057 1100 1130 ἀνοσίωνῐ)

57 1165 148 1248 πέρι,
167 1158 317 1246 σάφρων
333 1184 370 1226 τε
385 1160 442 1226 καί
460 1163 610 1246 ἔμφρων,
628 1157 665 1227 τὰ
684 1156 916 1245 μλνὸλίινοάκ
927 1152 971 1226 ἀν
982 1183 1063 1227 ποτε

59 1263 282 1344 διαψευσθείη
291 1263 350 1344 τής
360 1263 468 1344 ψυχής
477 1264 548 1326 τάν
563 1258 731 1327 τοιούτων
748 1262 836 1348 πέρι,
848 1260 1063 1349 κυβερνήτου

60 1354 99 1422 δὲ
115 1354 249 1441 ἀγαθοῦ
269 1356 381 1434 πάθος
395 1351 438 1421 ἀν
460 1362 540 1436 ἴσως
556 1352 599 1423 ου’
621 1354 823 1443 θαυμαστὸν
840 1362 871 1425 εί
885 1356 1003 1442 πάθοι,
1020 1351 1063 1424 ὃν

57 1450 182 1540 γειμάν
198 1453 261 1540 μὲν
275 1453 436 1540 ἐσόμενος
451 1450 516 1522 οάκ
535 1448 579 1522 ἀν
595 1454 687 1523 πάνυ
706 1455 819 1544 λάθοι,
831 1455 1006 1543 χειμώνων
1024 1456 1062 1523 δὲ

56 1554 201 1632 ἐξαίσιον
211 1555 268 1621 καὶ
278 1549 536 1641 ἀπροσδόκητον
547 1554 691 1639 μέγεθος
701 1552 803 1623 λάθοι
820 1551 851 1621 τ’
871 1550 914 1622 ἀν
930 1556 987 1622 καὶ
999 1561 1061 1623 λα-

55 1651 125 1719 θόν
135 1653 353 1721 κατακλάσειε
364 1658 431 1742 βία.Ι
457 1647 584 1721 ταάτόν
601 1649 643 1738 δή
660 1654 717 1720 καὶ
733 1658 851 1721 Δίωνα
868 1657 992 1738 ἔσφηλε
1012 1649 1058 1720 δι’

56 1749 250 1839 ὀλιγίστων·
273 1756 371 1820 καιιοί
381 1754 443 1839 μὲν
454 1749 520 1838 γάρ
533 1749 629 1832 ὄντες
639 1747 745 1819 αάτόν
761 1750 896 1839 σφόδρα
908 1747 971 1817 οάκ
983 1753 1060 1818 ἔλα-

55 1860 123 1919 θον
141 1855 177 1918 ολ
195 1852 393 1938 σφήλαντες,
413 1848 495 1918 ὅσον
512 1848 550 1917 δὲ
569 1847 656 1931 ὕψος
673 1847 819 1936 ἀμαθίας
837 1847 992 1968 είγρνκαὶ
1003 1853 1096 1953 τήςΕ

56 1946 158 2036 άλλης
168 1956 354 2037 μοχθηρίας
364 1975 400 2017 τε
418 1951 475 2017 καί
490 1953 698 2037 λαιμαργίας,
718 1952 856 2034 ἔλαθον,
872 1973 899 2037 φ
915 1942 958 2031 δή
970 1963 1060 2033 σφα-

37 2049 123 2127 λεὶς
134 2060 261 2133 πείσαι,
272 2052 440 2116 ΙΣικελίαν
457 2049 578 2114 πένθει
592 2043 791 2132 ’περιβαλών
811 2050 931 2134 μυρίῳ.
954 2042 995 2110 τὰ
1018 2041 1060 2128 δή

54 2349 133 2411 λίαν
145 2341 261 2428 ἀφιξιν
272 2343 334 2431 τήν
345 2347 518 2432 δευτέραν,
532 2341 715 2431 ἀναγκαίου
726 2339 813 2411 εἶναι
822 2343 917 2422 ἔδοξέ
930 2364 987 2427 μοι
997 2343 1060 2428 δη-

55 2447 163 2528 θήναι
174 2444 246 2508 δεῖν
256 2441 313 2509 διά
323 2441 386 2529 τήν
396 2441 539 2511 ἀτοπίαν
549 2445 605 2511 καὶ
616 2439 756 2533 ἀλογίαν
773 2445 842 2509 τάν
852 2439 1057 2526 γενομένων·

57 2547 87 2610 εί
108 2537 142 2608 δ’
160 2537 227 2626 ἀρα
243 2541 311 2607 τινί
331 2539 372 2608 τά
394 2548 460 2610 νῦν
482 2545 630 2632 ῥηθέντα
648 2539 859 2628 εὐλογώτερα
879 2538 987 2627 ἐφάνη
1002 2540 1059 2605 καὶ
1154 2561 1158 2569 ’

58 2635 245 2726 προφάσεις
256 2635 343 2725 πρὸς
350 2637 390 2704 τὰ
400 2639 567 2726 γενόμενα
581 2638 699 2718 ἱκανάς
712 2643 800 2724 ἔχειν
818 2640 912 2716 ἔδοξέ
924 2661 981 2726 τφ,
999 2659 1060 2720 με-

57 2745 156 2827 τρίως
167 2735 210 2805 ἀν
221 2733 303 2824 ήμῖν
314 2737 370 2809 καί
382 2739 504 2816 ίκανιλς
515 2747 566 2823 είη
576 2736 617 2804 τά
627 2743 695 2804 νῦν
707 2739 872 2822 εἰρημένα.

534 3133 579 3201 H.

141 3324 285 3393 Πλάτων
304 3336 374 3405 τοῖς
401 3330 532 3404 Δίωνος
554 3328 688 3405 οἰκείοις
709 3346 746 3391 τε
771 3322 828 3389 καί
849 3319 991 3408 ἑταίροις
1018 3310 1095 3387 εάΒ

27 3439 30 3445 ·
57 3424 231 3513 πράττειν·
243 3419 276 3491 ’ἀ
287 3420 319 3491 δ’
339 3418 383 3491 ἀν
400 3427 642 3512 διανοηθέντες
660 3419 809 3515 μάλιστα
824 3408 1091 3574 εἶρξεοὸστοθῑε
