2408 3764
64 202 129 269 368
473 202 670 263 Hom
1023 210 1083 267 '224

65 360 227 472 παρελθόν
241 359 418 469 Ταρτησσὸν
440 367 537 468 ἵστησι
558 366 612 446 μέν
630 373 735 447 σημεῖα
750 369 802 467 τής
818 365 940 466 πορείας
958 363 1012 427 έπί
1026 371 1083 429 τῶν

67 449 147 555 ’όρων
158 445 206 553 Εβ
207 472 307 597 ρωπης
318 451 370 513 καί
354 442 528 552 Λιβόης’
510 453 733 553 αντιστοίχους
722 447 777 512 δόο
788 444 905 556 στήλας,
918 445 1044 513 ἐλαύνει
1050 450 1083 515 δὲ

67 530 142 643 πρός
152 472 317 640 Εὔρυοθέ
296 558 316 597 α
332 528 385 597 τδν
398 537 547 617 Τλρννθος
564 534 685 616 βασιλέα
701 528 754 609 τὰς
771 525 897 616 βοῦς,
877 531 1082 617 ηπροσετόγη

67 614 115 687 ὑπ’
129 614 232 722 αὖιοή.
254 624 288 681 R.

151 711 184 767 Ε
205 695 227 783 6
246 701 278 777 δὲ
293 706 394 781 νῆσος]
415 695 460 764 ότι
476 701 530 782 μέν
546 702 658 805 ἐγένετο
674 727 796 803 τοιαντη
804 725 848 775 τις
858 707 951 783 νήσος
962 703 1018 766 καί
1034 728 1081 784 τη-

68 783 252 868 λικαότηη
213 790 232 850 δ
252 787 338 888 λρῦσλ
344 809 421 860 τινες
431 791 491 848 τῶν
501 783 697 890 ἱστορούντων
706 811 743 849 τα
732 779 866 869 περὶ
824 809 882 886 της
893 787 952 865 έξω
963 785 1081 850 θαλόσ

68 890 129 954 οης.
152 813 282 936 ελναιη’
247 895 312 972 γαρ
322 869 374 932 καί
392 869 424 933 λυ
439 876 501 944 τοῖς
517 862 617 934 αντῶν
632 867 749 975 χρόνοις
765 863 837 934 έπτδ
853 869 908 949 μὲν
925 867 1081 971 νήσονςέν

68 959 171 1062 έκελνηο
182 979 223 1041 τῳ
210 950 357 1058 πελάγει
373 950 590 1060 Περνεφόνηςλ
589 954 673 1038 ερός,
692 962 768 1039 τρεῖς
779 953 811 1016 66
822 949 913 1028 όλλας
923 945 1078 1035 ἀπλέτους,

67 1037 123 1122 τήν
136 1020 190 1120 μέν
200 1019 394 1123 λλλοότωνος,
410 1031 467 1118 τήν
477 1036 534 1101 66''
526 1046 690 1144 Αριμωνος,
708 1039 801 1120 μέσην
816 1036 850 1100 δέ
860 1033 979 1102 τούτων
990 1036 1081 1120 ἄλλην

68 1127 256 1229 Ποσιτδοῖιηος
273 1114 374 1224 χιλίην
390 1124 517 1186 σταδίων
532 1147 566 1186 το
555 1121 717 1228 μέγεθος,
734 1123 785 1186 καί
800 1145 869 1197 τους
877 1123 1080 1224 οίκοννταςίν
1111 1168 1114 1175 -

69 1203 162 1312 αὐτή
162 1204 283 1288 μνήμην
297 1198 358 1269 666
373 1211 433 1270 τῶν
448 1201 605 1308 προγόνων
623 1205 777 1283 διασώζειν
794 1207 908 1310 περλ”
870 1229 923 1312 της
929 1199 1080 1272 Ἀτλαντί-

70 1287 162 1373 δος,”
147 1315 238 1367 οντως
253 1291 411 1374 γενομένης
420 1286 516 1372 νήσου
526 1291 591 1355 ἐκεῖ
595 1286 919 1394 παμμεγεθέστότης,
897 1285 938 1371 ήν
950 1291 1000 1355 έπλ
1009 1298 1079 1356 πολ-

69 1375 122 1452 λὰς
133 1371 289 1477 περιόδους
301 1379 495 1438 δυναστεῦσαι
509 1383 614 1482 πασῶγ
629 1384 690 1442 τῶν
706 1377 739 1440 έν
748 1401 789 1463 τρο
776 1368 983 1463 ’Ἀτλαντικῷ
992 1372 1078 1480 6666-

69 1486 113 1544 γει
123 1456 247 1558 νήσων,
263 1462 452 1534 Ποσειδῶνος
468 1456 570 1522 καλ’
531 1456 626 1542 αυτὴν
636 1451 732 1526 οὖσαν
743 1439 835 1565 ἱερήν.
856 1465 950 1522 ταῦτα
961 1439 1064 1563 μέν
1027 1485 1079 1524 ουν

70 1540 249 1646 Μάρκελλος
268 1543 300 1604 ἐν
317 1548 378 1616 τοῖς
394 1546 590 1620 Αλδιοπικοῑς
605 1547 769 1630 γέγραφεν,
792 1538 875 1626 ἡμεῖς
893 1541 962 1608 δέ’
941 1539 1012 1609 απδ
1022 1569 1078 1608 των

69 1627 211 1710 Πρόκλον
223 1620 364 1702 ἐξελόντες
374 1627 626 1730 παρεθέμεθαΒ.

154 1723 189 1776 25
199 1717 235 1771 Α.
257 1710 411 1814 βασιλέων]
424 1705 541 1775 δέκα
485 1737 564 1817 γαρ
574 1700 733 1816 βασιλεῖς
713 1731 791 1793 ησαν
802 1705 881 1775 δυ’
845 1735 920 1815 αντη
906 1713 1077 1794 τεηθέιτες

71 1798 189 1876 δίδυμοι
211 1791 363 1870 πεντάκις
392 1796 443 1859 καλ
459 1784 553 1860 τᾶλλα
569 1791 607 1878 δή
624 1823 661 1861 τα
650 1791 810 1860 ἐνταῦθα
827 1792 974 1879 λεγόμενα
992 1797 1077 1860 έν
1038 1821 1076 1880 τῳ

70 1883 175 1986 Κριτία
185 1878 374 1985 διαρρήδηνί
372 1875 517 1983 στόρηται.
529 1886 718 1988 Ποσειβωνος
729 1881 761 1945 66
772 1880 823 1943 καί
833 1873 1023 1956 Κλεινοῦς
975 1904 1074 1990 ουτρι,

71 1957 281 2073 οονὸπρωτος,
299 1958 514 2049 ωςοΠροκλος
523 1969 611 2049 φησί
622 1963 729 2041 ’Ἀτλας
740 1966 884 2044 ἐκαλεῖτο,
904 1955 988 2041 ἐξ
951 1966 1075 2044 ονιιαλη

71 2045 348 2132 νήσοςολνόμασται.
367 2057 401 2111 R.

154 2141 188 2196 Β.
210 2137 362 2215 Αίγινττος
373 2156 392 2195 κ
394 2128 544 2236 έκληται’
526 2158 585 2198 απο
573 2129 762 2279 Αλγότδτονί
761 2138 814 2197 τοῦ
833 2131 935 2215 Βήλου
945 2134 1000 2196 καί
1015 2126 1076 2237 Ἀγ-

71 2215 190 2365 χιρρόης
201 2224 252 2298 της
261 2221 387 2295 Νείλου,
405 2243 457 2281 τον
444 2219 613 2301 βασιλέως
629 2220 762 2322 Αλγνπτλ
761 2244 811 2280 ων.
835 2211 969 2282 τοῦτονὸ
983 2241 1076 2321 πατηρ

71 2301 233 2406 ένἈραβλ
214 2327 234 2363 α
245 2303 413 2377 κατοικίζει·
437 2296 454 2365 6
470 2304 503 2366 66
514 2299 789 2384 καταστρεψόμενος
798 2297 854 2383 τήν
863 2298 1076 2384 Μελαμπόδων

71 2381 170 2470 χώραν
181 2379 226 2464 ἆφ
225 2378 385 2448 ’έαντοῦ’
363 2381 515 2489 ωνόμασεν
525 2390 687 2468 Αλγνπτον.
706 2393 741 2448 R

155 2477 188 2532 Β.
212 2470 363 2551 Τυρρηνία
379 2464 662 2570 δαπδ.1’νρρηνοδ
680 2495 732 2533 τον
718 2466 893 2553 ’Ἄγρωνος
909 2475 965 2535 τοῦ
972 2467 1078 2544 ’Ἄτυος

70 2576 123 2615 τον
109 2555 261 2652 Λυδοῦ,
282 2553 335 2613 καί
356 2546 403 2655 66
415 2553 466 2615 καὶ
486 2547 519 2615 τὸ
538 2549 724 2658 Τυρρηνικὸν
739 2554 873 2656 πέλαγος
896 2543 984 2630 οὗτος
1005 2548 1078 2618 κατὰ

71 2629 203 2719 χρησμόν
214 2635 248 2697 ἐκ
257 2630 403 2710 Λνδλας’
385 2632 503 2720 απόρας
520 2639 587 2712 ελς
575 2632 710 2742 τοήσδε’
674 2641 814 2748 αφίήετο
825 2632 893 2740 τρδς
904 2637 1077 2741 τόπους,κ
1046 2640 1077 2700 ἐκ

70 2723 213 2823 Σαρδοῦς
219 2743 250 2781 τε
266 2724 318 2801 τῆς
329 2713 421 2786 αὐτοῦ
436 2717 586 2824 γυναικός,
604 2716 655 2802 ἀφ’
668 2711 722 2825 ής
716 2723 767 2786 καί
778 2748 853 2786 κατα
841 2716 988 2787 Λυδίαν
999 2718 1077 2827 Σόρ-

72 2799 157 2878 δεις’
141 2831 161 2884 η
172 2801 271 2883 πόλις,
293 2798 372 2867 καλ
357 2831 376 2885 η
388 2799 585 2890 όργνρόφλεψ
595 2814 684 2891 νήσος
694 2833 727 2872 το
715 2801 808 2890 πρὶν
820 2801 983 2889 Σαρδιδ”
942 2833 1001 2871 νυν
1010 2801 1078 2870 61¹0-

70 2884 200 2968 μόζεται
222 2895 256 2949 R.

157 2978 187 3035 C.
209 2968 401 3075 Πρόκλον.’
384 2999 429 3038 οτι
445 2971 520 3040 όπου
537 2970 599 3057 ἅμα
614 2995 732 3080 σεισμηο
710 2979 846 3079 γίνεται
864 2973 1077 3078 κατακλυσμός,

71 3061 152 3158 κήμα
169 3053 275 3121 τοότον
286 3064 339 3120 τοῦ
355 3056 475 3135 πόθους
492 3063 593 3125 αἰτιον.
614 3057 686 3125 όταν
697 3053 756 3165 γὰρ
773 3055 805 3123 τό
817 3054 870 3125 τδν
881 3054 1003 3164 666666
1013 3084 1078 3124 ποι-

70 3164 126 3203 ουν
146 3147 272 3234 πνεῦμα,
294 3143 415 3223 μηδέπω
432 3139 531 3227 ῥέον
515 3138 574 3208 νπδ
591 3151 658 3254 γήυ,
682 3141 739 3226 τήν
754 3138 941 3208 θάλατταν’
924 3140 987 3210 νπό
1000 3169 1080 3220 τινος

70 3222 234 3289 ἔνοπλον
222 3225 387 3331 πνεόματρς
404 3235 486 3311 αυτῷ
483 3231 686 3333 κινουμένην
706 3231 735 3306 ἐξ
759 3229 892 3303 ἐναντίας
915 3224 1080 3334 φερόμενον

70 3302 187 3411 ἆπωσαι
198 3311 252 3391 μέν
262 3315 303 3387 εἰς
313 3305 443 3378 τοόπίσω
454 3340 495 3395 μη
483 3307 629 3419 δυνηθῇ
640 3308 730 3378 διὰ
700 3339 753 3378 τον
749 3310 990 3418 προωθοῦντα”
970 3338 1081 3398 ανεμον

65 3386 170 3477 αὐτήν,
184 3397 252 3486 ἱστᾷ
266 3397 298 3462 δὲ
309 3421 360 3462 και
350 3398 475 3483 έμποδλ
474 3404 523 3479 ζον
534 3423 626 3481 αυτης
633 3423 689 3480 την
700 3393 933 3481 πρόοδοναίτιον
942 3401 1081 3485 γίγνηται
