2408 3764
131 224 194 295 188
521 228 755 292 ΑΞΙΟΧΟΣ.

131 394 213 478 διδῷ
224 390 261 457 τὰ
273 394 344 474 ζῇν,
359 383 403 464 ύς
413 383 655 473 ὁβολοστιίτιςή
668 386 772 471 φύσις
787 389 945 455 ἐπιστᾶσα
955 388 1142 474 ἐνεχυράζει

132 495 194 555 τοῦ
205 486 266 574 μὲν
277 485 368 570 ὄψιν,
378 491 440 551 τοῦ
452 485 488 553 δὲ
499 483 615 570 ἀκοήν,
633 484 792 562 πολλάκις
809 484 846 554 δὲ
861 483 972 571 ἄμφω.
993 482 1061 554 κᾶν
1071 492 1141 555 ἐπι·

131 591 229 670 μείνῃ
238 609 297 668 τις,
315 586 513 669 παρέλυσεν,
525 582 725 667 ἐλωβήσατο,
737 583 993 669 παρήρθριοσεν.
1017 581 1094 652 ἀλλ’
1110 589 1143 654 οί

132 683 249 749 πολλοὶ
263 681 374 768 γήρως
390 677 619 766 ἆπακμοίζονσι
633 682 689 747 καὶ
704 685 753 769 τφῑ
768 682 828 770 νῷ,
842 682 899 749 καὶ
913 683 964 761 δὶς
978 686 1095 762 παῖδες
1109 685 1144 751 οί

130 780 283 864 γέροντες
293 783 465 863 γύγνονται
481 774 589 845 *κατὰ
600 774 662 863 τήν
671 784 883 864 παροιμίαν*.

214 879 264 940 vl.
285 871 354 942 Διά
366 881 464 942 τοῦτο
474 875 576 966 καλοί
589 875 665 942 θεολ
680 882 750 942 τῶν
766 869 990 960 ἀνθρωπείαν
1007 874 1141 962 ίτιιστή·

94 980 116 1044 0.
129 997 241 1059 μονες,
252 970 312 1050 οὓς
329 967 373 1040 α’ίν
384 973 459 1058 περὶ
469 978 627 1040 πλείστου
641 980 812 1056 ποιῶνται,
831 980 959 1040 θᾶττον
972 969 1141 1040 ἆπαλλιίτ-

130 1078 298 1140 τονσιτού
308 1076 376 1157 ξήν.
397 1068 580 1157 Ἀγαμήδης
593 1078 679 1154 γούν
696 1073 752 1137 καὶ
768 1069 963 1157 Τροφώνιος
975 1074 1009 1138 οί
1024 1070 1140 1156 δειμαί-

131 1195 227 1256 μενοι
236 1166 273 1236 τό
282 1175 400 1236 Πυθοῖ
406 1176 468 1238 τού
476 1175 562 1238 θεοῦ
573 1172 718 1255 τέμενος,
730 1165 905 1254 εὐξάμενοι
914 1166 951 1236 ιδ
964 1169 1140 1253 κράτιστον

132 1262 244 1345 αὐτοῖς
253 1269 422 1352 γενέσθαι,
433 1269 649 1352 κοιμηθέντες
659 1262 765 1333 οὐκέτ’
779 1263 978 1350 ἀνέστησαν·
997 1270 1030 1333 ολ
1038 1290 1072 1334 τε
1084 1275 1140 1353 τής

127 1362 274 1451 Ἀργείας
294 1366 415 1448 ίερείας
430 1365 523 1448 νίελς,
540 1363 662 1449 ὁμοίως
679 1362 859 1451 εὐξαμένης
875 1360 988 1442 αὐτοῖς
1005 1370 1063 1450 τῆς
1076 1390 1139 1452 μη-

131 1459 209 1548 τρὸς
221 1463 381 1546 γενέσθαι
400 1485 433 1527 τι
453 1469 511 1546 τῆς
532 1459 700 1547 εὐσεβείας
721 1458 811 1548 παρὰ
831 1466 891 1547 τῆς
901 1456 1007 1548 Ἥρας
1030 1465 1138 1550 γέρας,

132 1557 245 1644 ἐπειδὴ
257 1563 318 1626 πού
336 1556 474 1644 ζεύγους
489 1554 734 1644 ὑστερήσαντος
749 1556 938 1638 ὑποδύντες
953 1557 1049 1628 αύτολ
1065 1561 1139 1646 διή-

131 1680 256 1741 νεγκαν
266 1654 372 1743 αύτήν
383 1662 430 1736 είς
441 1655 501 1724 τὰν
515 1657 612 1752 νεαίν,
625 1656 706 1744 μετὰ
722 1658 784 1744 τήν
800 1655 901 1745 εὐχήν
912 1660 1008 1726 νυκτὶ
1018 1659 1139 1744 μετήλ-

96 1755 117 1805 1)
132 1757 244 1833 λαξαν.
265 1750 456 1840 μακρὰν-δν
471 1764 522 1841 είη
540 1757 693 1836 διεξιέναι
704 1754 744 1825 τὰ
754 1764 823 1824 τῶν
839 1765 997 1842 ποιητῶν,
1011 1762 1047 1823 οἲ
1060 1757 1139 1824 στύ-

132 1872 213 1935 μαοι
222 1849 405 1935 θειοτέροις
415 1849 456 1919 τὰ
468 1854 543 1939 περὶ
551 1852 612 1921 τόν
622 1859 969 1945 βίονθεσπιφδούοιν,
983 1848 1026 1932 ὡς
1034 1879 1139 1923 πατο-

131 1948 291 2031 δύρονται
307 1945 344 2016 τὰ
362 1953 434 2035 ζῇν·
456 1947 531 2030 ἑνὸς
548 1949 584 2018 δὲ
599 1950 707 2037 μόνον
724 1952 959 2039 μνησθήσομαι
972 1959 1033 2018 τού
1047 1950 1138 2031 ἀξιο-

132 2043 332 2131 λογωτάτον,
344 2050 498 2132 λέγοντος

257 2139 377 2227 οἳςγιὶρ
388 2144 618 2215 ἐπεκλώσαντο
627 2149 704 2215 θεολ
715 2150 851 2216 δειλοῖσι
861 2153 1039 2234 βροτοῖσιν,
1154 2155 1159 2165 “

257 2239 568 2328 ζύεινοῖηννμένοις,

130 2337 186 2402 καὶ

257 2433 298 2502 ού
312 2439 374 2522 μὲν
384 2436 448 2520 γάρ
459 2442 493 2503 τί
502 2435 577 2504 ποτ’
588 2440 678 2505 ἐστὶν
689 2435 908 2524 ὀιζυρώτερον
920 2439 1043 2526 ἀνδρός

213 2560 215 2565 ⁴
257 2534 395 2600 πάντων
407 2529 491 2599 ὄσσα
502 2558 537 2601 τε
547 2546 646 2619 γαῖαν
659 2535 818 2602 ἐπιπνείει
831 2561 867 2603 τε
877 2539 932 2606 ααλ
943 2538 1043 2622 ἕρπει.

60 2641 113 2697 368
131 2627 238 2698 τόνδ’
252 2628 458 2716 Ἀμφιάραον
468 2636 502 2697 τί
512 2650 632 2717 φησινς
800 2696 803 2701 ,

179 2764 182 2769 ·
254 2727 315 2796 τὸν
325 2731 399 2816 πέρι
413 2735 490 2816 κήρι
502 2737 591 2815 φίλει
600 2731 685 2811 Ζεύς
695 2729 728 2800 τ’
744 2738 888 2820 αίγίοχος
900 2733 955 2802 καί
965 2728 1135 2799 Ἀπόλλων
1178 2722 1180 2731 ’

229 2876 237 2889 .
254 2834 396 2916 παντοίη
405 2825 571 2914 φιλότητ’·
589 2827 664 2898 οὐδ’
682 2833 771 2900 λαετο
788 2831 911 2918 γήραος
921 2822 1034 2893 ούδίύ.

93 2956 96 2961 ⁴
116 2919 195 2990 ’ὁδδ
205 2922 354 2991 κελεύων
631 2916 635 2925 ”

253 3018 314 3088 τὸν
324 3023 435 3105 φύντα
446 3035 589 3112 θρηνεῖν
600 3033 646 3106 εἰς
656 3023 711 3094 ὁδ’
722 3031 847 3109 ἔρχεται
858 3023 955 3108 ααιιά,

127 3125 162 3186 τί
175 3140 229 3188 σοι
244 3124 413 3205 φαίνεταις
435 3121 520 3192 ἀλλὰ
538 3126 697 3210 παύομαι,
708 3121 754 3206 μή
766 3144 846 3191 ποτε
866 3121 955 3209 παρὰ
967 3123 1030 3211 τήν
1046 3122 1133 3194 ύπό-

127 3218 390 3304 σηεσινμηιιύνω
399 3219 456 3288 καὶ
466 3219 587 3305 ἑτέρων
596 3216 871 3306 μιμνησκόμενος.

210 3318 274 3382 Vll.-
296 3323 402 3386 Ποίαν
414 3321 453 3387 δί
466 3317 682 3406 τιςέλόμενος
693 3317 938 3409 ἐπιτήδευσινή
955 3327 1073 3414 τέχνην
1091 3323 1132 3396 ού
