2408 3764
139 144 202 211 142
468 236 470 241 ,
527 132 761 209 ΛΞΙΟΧΟΣ

138 310 195 375 καὶ
209 312 323 391 κακιεῖν
341 305 462 388 ἄγονος
479 308 560 388 βίος,
578 298 749 393 ύσαλεύτφ
769 299 889 392 ἡσυχίη
905 300 1144 391 εύδιαζόμενος,

137 405 194 471 καί
203 407 397 485 περιαθράν
407 397 470 484 τόγν
478 398 593 484 φύσιν,
606 407 804 485 φιλοσοφῶν
821 397 863 467 ού
878 399 1071 487 πρόςὸχλον
1087 405 1144 471 καὶ

136 505 295 584 θέατρον,
307 496 391 565 ἀλλὰ
402 496 486 580 πρὸς
495 491 672 583 άμφνθαλῆ
681 495 743 582 την
754 495 928 583 ἀληθειαν.
947 505 953 510 ’

220 600 288 671 ΑΞ
308 600 368 673 Είς
379 591 575 663 τούναντίον
591 620 632 680 με
647 602 695 684 τῷ
710 593 799 681 λόγφ
812 595 1040 680 περιέστακας·
1061 592 1144 665 ούκ-

138 697 184 762 ἐτι
197 693 263 779 γάρ
284 718 341 778 μοι
354 693 509 761 θανάτου
526 697 599 771 δόος
621 697 759 777 ἔνεστιν,
778 689 851 778 δείλ’
869 691 932 779 ἤδη
949 695 1006 765 καὶ
1023 694 1142 782 πόθος,
1158 718 1165 735 ¹

99 795 191 859 Ε’ίνα
206 819 238 858 τι
254 789 347 876 κάγεό
367 791 592 878 μιμησάμενος
611 789 690 870 τούς
712 790 854 878 ῥήτορας
874 788 1027 875 περιττόν
1043 801 1141 861 εἴπω·

134 889 304 974 κᾶμπαλιν
325 897 560 974 μετεωρολογοῐ
581 891 638 957 καὶ
647 893 747 975 δίειμι
767 885 828 959 τόν
846 885 961 961 ἀίδιον,
975 892 1031 957 καὶ
1045 900 1143 961 θεῖον

135 987 271 1072 δρόμον,
283 991 320 1054 ἔκ
331 1013 366 1056 τε
377 996 435 1071 τῆς
446 983 780 1070 άσθενείαςίμανιὸν
790 993 1001 1074 σννείλεγμαι
1017 989 1074 1055 καί
1084 991 1141 1075 γε’-

133 1083 352 1186 γονακαινός

63 1198 115 1254 371
214 1184 279 1247 ΧΗ.
300 1185 376 1247 Σίδ.
398 1179 493 1249 Είδδ
504 1182 559 1246 καλ
571 1180 685 1266 ἕτερον
695 1179 811 1266 βονλει
821 1179 966 1267 λογον,
947 1208 987 1249 ον
996 1178 1100 1267 ἐμοὶ
1080 1208 1141 1268 ηγ

132 1287 221 1364 γειλε
234 1276 439 1362 Γωβρύης,’
419 1276 506 1362 ανηρ
516 1277 636 1362 μάγος·
648 1281 712 1398 ἔφη
725 1305 806 1347 κατα
796 1277 1011 1367 τηνΞὲρξου
1022 1279 1140 1366 διάβα-

30 1392 32 1396 ’
132 1396 188 1444 σιν
198 1374 257 1442 τὸν
267 1374 406 1442 πάππον
416 1371 522 1441 αὐτου
509 1373 620 1443 ual‘
603 1377 785 1463 ομάννμον
801 1381 998 1464 πεμφθέντα
1011 1383 1055 1456 είς
1066 1386 1139 1465 Δῆ-

131 1470 236 1554 λον,’
214 1470 466 1556 οπωςτηρήσειε
479 1471 540 1559 τὴν
554 1480 659 1558 νῆσον
669 1468 739 1562 ἕνῇ
757 1502 774 1544 ο
775 1475 866 1542 ίδύο
882 1477 958 1544 θεοὶ
975 1479 1136 1598 ἐγένοντο,

131 1572 167 1636 ἐκ
180 1593 284 1636 τινων
300 1572 449 1655 χαλκέων
465 1569 644 1655 δίλτων,“
622 1575 712 1650 αςέξ
695 1570 959 1691 ξΤπερβορέων
981 1573 1138 1658 ἐκόμισαν

126 1656 221 1745 Ὦπίς
231 1691 267 1735 τε
280 1668 336 1737 καὶ
342 1664 509 1754 Ἑκαέργη,
521 1666 797 1754 ἐκμεμαθηκέναι,
814 1667 896 1754 μετά
911 1668 974 1754 τὴν
991 1679 1054 1738 τού
1070 1672 1138 1739 σω-

130 1789 232 1850 ματος
243 1763 341 1833 λύσιν
354 1761 416 1851 τὴν
427 1763 538 1852 ψυχὴν
547 1762 637 1844 είς
603 1791 663 1833 τον
674 1764 799 1852 άδηλον
810 1779 929 1854 χωρεῖν
939 1764 1043 1834 τόπον
1052 1767 1135 1836 κατά

129 1887 192 1947 την
202 1859 363 1948 ὑπόγειον
374 1867 544 1982 οίκησιν,’
527 1889 563 1931 εν
574 1889 596 1980 η
582 1853 688 1951 βασί
685 1872 756 1931 λεια
766 1863 967 1941 Πλούτωνος
978 1861 1039 1948 οὐχ
1050 1864 1136 1950 ἥττω

96 1975 115 2025 Β
131 1965 258 2044 τῆςτον
242 1959 352 2039 Διὸς
363 1957 510 2045 αύλῆς,’
487 1985 546 2028 ατε
556 1986 613 2047 της
625 1960 686 2047 μὲν
696 1969 756 2046 γῆς
772 1950 924 2080 ε’χούόης
927 1987 967 2027 τα
955 1958 1064 2045 μέσα
1075 1970 1137 2029 τοῦ

131 2055 270 2143 κόσμον,
281 2082 342 2124 τον
327 2055 390 2124 ’δὲ
399 2055 539 2124 πόλον”
518 2083 615 2137 οντες
626 2047 924 2178 σφαιροειδοῦς,
881 2083 924 2125 ον
940 2083 976 2125 το
966 2055 1086 2143 μὲν”
1066 2083 1136 2125 ετε-

131 2151 633 2241 ρονὴμισφαίριονθεοὶὲλαγον
644 2153 727 2223 οῖ’
687 2153 848 2243 ονράνιοι,
865 2182 902 2223 το
892 2153 992 2223 δὲ
973 2179 1088 2236 ετερον
1104 2158 1138 2222 οί

129 2251 327 2338 ὑπένερθεν,
339 2255 373 2319 οί
388 2252 451 2338 μὲν
467 2248 639 2339 άδελφοὶ”
618 2279 721 2339 οντες,
739 2257 773 2321 οί
787 2253 823 2320 δὲ
839 2250 996 2338 άδελφων
1013 2258 1134 2332 παῖδες.

129 2371 169 2413 τα
157 2345 378 2431 δὲπροπνλα
388 2375 446 2434 της
455 2350 706 2429 είςΠλοντωνος
717 2347 800 2419 οδον
810 2354 957 2437 σιδηροις
968 2356 1135 2434 κλειθροις

128 2441 354 2512 καὶκλεισὶν’
330 2444 516 2530 ωχύρωται·
534 2472 637 2514 ταντα
647 2448 682 2515 δε
694 2445 870 2527 άνοίξαντα
888 2449 1033 2535 ποταμὸς
1048 2447 1135 2535 'Axe'-

129 2564 198 2621 ρων
208 2543 382 2628 ἑκδίχετατ,
392 2540 499 2627 μεθ’“
479 2570 520 2612 ον
529 2543 746 2632 Κωκντός,
712 2573 771 2624 ονς
782 2572 842 2632 χρη
834 2532 1134 2634 πορόμεύσαντας

128 2635 272 2723 ἀχθῆναι
290 2639 342 2706 ἐπὶ
356 2645 458 2708 Μίνω
478 2644 534 2710 καὶ
550 2640 832 2730 “'Paddpam‘tvm
812 2670 830 2712 ο
850 2646 1000 2732 κλῄζεται
1017 2648 1134 2712 πεδίον
1168 2640 1173 2651 ’

128 2732 296 2822 ἀληθείας.

91 2853 109 2902 c
210 2837 290 2903 xl11.
320 2832 499 2905 Ἐνιανθοί
510 2822 706 2919 καθέζονται
726 2841 877 2909 δικασταὶ
899 2837 1133 2925 ἀνακρίνοντες

127 2938 196 2999 τῶν
209 2929 467 3029 ἀφικνουμένων
481 2935 631 3022 ἕκαστον,
643 2943 716 3006 τίνα
730 2943 807 3024 βίον
816 2942 957 3023 βεβίωκε
974 2937 1029 3003 καὶ
1045 2942 1132 3004 τίσιν

126 3029 382 3116 ἐπιτηδεύμασιν
392 3033 601 3153 ἐνφκίσθη
571 3060 616 3102 τω
627 3035 760 3120 σάματι.
790 3031 982 3115 ψεύσασθαι
993 3025 1111 3118 μὲν
1068 3060 1132 3101 ουν

126 3125 304 3213 ἀμήχανον.
327 3125 417 3208 ὅσοις
432 3122 549 3215 μὲν
504 3155 568 3198 ονν
580 3134 617 3198 ἐν
632 3157 680 3219 τφ
667 3137 755 3218 ζῇν
769 3136 826 3199 δαί
811 3138 896 3218 ίμων
913 3129 1040 3215 ἀγαθὸς
1056 3135 1132 3201 ἕπε’-
