2408 3764
142 142 203 212 132
545 140 771 214 ΕΡΤΞΙΛΣ,
867 152 872 161 ’

142 309 315 395 δταντάχγ
329 299 474 390 νοσοίνῆ
485 298 567 370 ὅταν
583 299 754 386 ὑγιαίνων.
774 301 871 371 Ἀλλά
888 305 988 372 τοῦτό
1003 303 1056 391 γ’,
1068 312 1146 394 ἔφη,

142 407 183 476 οὐ
193 415 315 492 πολλῆς
325 403 415 482 τινὸς
429 413 487 489 τῆς
497 404 645 482 σκέψεως
656 405 767 469 δεῖται.
779 400 875 481 Ἴσως
884 404 959 490 γάρ,
970 396 1053 491 ἦνδ
1065 406 1146 492 ἐγοί,

141 510 238 573 παντὶ
253 503 424 591 ἀνθρώπῳ
443 502 589 586 εὔπορον
605 506 741 586 γυοίναι,
754 498 805 567 ότι
820 497 843 586 ἡ
858 508 919 569 τοῦ
935 500 1149 588 ὑγιαίνοντος

141 607 204 686 ἕξις
215 611 373 691 κρείττων
390 604 458 670 ἐστὶ
475 609 533 687 τῆς
550 608 612 669 τοῦ
631 598 832 685 κάμνοντος·
856 607 890 668 τί
908 606 976 682 δαίς
997 608 1145 690 ποτέρως

139 703 346 791 τυγχάνομεν
355 699 520 769 πλειόνων
528 725 563 767 τε
578 701 633 778 καὶ
643 707 771 785 μάλλον
787 704 1010 768 παντοδαπῶν
1028 704 1146 788 δεόμε-

140 827 203 888 νοι,
216 800 481 886 ὅτανκάμνωμεν
491 794 513 884 ἦ
523 797 605 885 ὅταγ
615 796 833 883 ὑγιαίνωμενς
842 797 944 865 Ὅταν
953 800 1143 887 κάμνωμεν.

103 896 233 972 Ε”Οταν
243 898 307 982 άρα
318 895 414 966 αὐτοὶ
424 895 535 963 αὑτων
545 896 761 982 τυγχάνωμεν
777 896 968 980 φαυλότατα
980 902 1146 985 διακείμε-

140 1022 204 1082 νοι,
215 995 290 1064 τότε
301 996 434 1080 σφόδρα
444 1019 480 1060 τε
492 995 547 1060 καὶ
558 1000 731 1079 πλείστων,
742 992 782 1061 τά
794 995 878 1078 πρὸς
888 993 1010 1083 ἡδονάς
1019 995 1078 1076 τὰς
1090 999 1144 1066 διὰ

140 1102 199 1162 τοῦ
210 1093 370 1183 σώματος,
379 1097 415 1160 ἐν
426 1093 617 1176 ἐπιθυμίαις
626 1116 662 1158 τε
669 1094 724 1159 καὶ
731 1092 883 1177 δεήσεσίν
891 1098 1005 1180 ἑσμεν;
1019 1095 1142 1175 Οὕτως.

223 1196 313 1258 XXX.
339 1186 476 1256 Οὐκοῦν
489 1187 571 1256 κατά
587 1187 647 1255 τὸν
664 1186 768 1256 αὐτόν
788 1189 898 1274 λόγον,
918 1189 1027 1277 ὥσπερ
1044 1191 1145 1270 αὐτὸς

140 1289 245 1358 αὑτοῦ
255 1287 329 1356 τότε
345 1293 495 1372 φαίνεται
514 1291 664 1372 βέλτιστα
677 1285 866 1372 ἔχων,,όταν
882 1290 1060 1373 ἐλαχίστων
1075 1296 1144 1357 τοῖν

139 1386 300 1455 τοιούτων
319 1387 438 1468 δέηται,
458 1381 546 1450 οὕτω
564 1385 666 1452 πάλιν
682 1388 736 1452 καί
749 1390 845 1452 δνοῑν
863 1383 985 1469 ὄντοιν,
999 1391 1029 1453 εί
1048 1385 1065 1453 ὁ
1083 1386 1145 1473 μὲν

138 1482 297 1567 τυγχάνοι
309 1479 441 1564 σφόδρα
449 1504 484 1546 τε
496 1481 550 1548 καὶ
562 1487 695 1547 πολλῶν
704 1485 741 1547 ἐν
753 1483 912 1570 ἐπιθυμίᾳ
923 1508 959 1549 τε
969 1486 1026 1552 καί
1036 1483 1144 1570 δεήσει

113 1610 117 1621 ’
141 1581 199 1666 τόν,
212 1577 229 1646 ὁ
243 1579 278 1646 δὲ
293 1576 415 1663 ὀλίγων
425 1582 523 1645 τεκαὶ
534 1575 678 1663 ἡσύχως;
701 1572 823 1646 οἷοντά
841 1578 966 1646 τοιάδε·
992 1578 1065 1648 ὅσοι
1075 1588 1143 1649 τοῖν

139 1675 332 1762 ἀνθρώπων
347 1675 549 1760 τυγχάνουσι
559 1677 716 1761 κυβευταί
728 1676 831 1761 ὄντες,
843 1680 877 1743 οί
887 1675 924 1743 δὲ
935 1677 1144 1766 οἰνόφλυγες,

44 1840 47 1847 ,
139 1775 244 1859 ἕτεροι
256 1772 292 1841 δὲ
301 1771 794 1860 γαστρίμαργοι-άπανταγάρ
804 1780 907 1841 ταῦτα
919 1775 1019 1843 οὐδὲν
1030 1779 1144 1865 ἕτερον

137 1871 294 1958 τυγχάνει
304 1867 417 1958 ὅνταῆ
428 1875 610 1959 ἐπιθυμίαι.
632 1872 774 1958 Σφόδρα
791 1898 838 1957 γε.
855 1877 902 1940 Ac
920 1869 952 1939 δ’
971 1877 1145 1960 ἐπιθυμίαι

38 2010 51 2030 .
139 1978 242 2037 πᾶσαι
254 1968 354 2037 οὐδὲν
365 1973 478 2053 ἕτερον
488 1966 510 2057 ἦ
522 1975 646 2045 ἕνδειαί
653 1995 770 2038 τινων·
790 1974 826 2038 οί
835 1963 898 2038 οὖν
916 1979 1050 2040 πλείστα
1063 1972 1144 2040 τοτ’-

139 2092 208 2136 των
221 2067 427 2146 πεπονθότες
438 2066 615 2154 άνθρωποι
625 2071 662 2138 ἐν
678 2074 908 2158 μοχθηροτίρρι
924 2071 988 2149 ἕξει
1003 2071 1064 2137 εἰσί
1074 2078 1144 2138 τῶν

71 2185 122 2242 406
139 2160 275 2252 μηδὲννῖ
286 2162 330 2245 ως
340 2167 490 2252 ἐλάχιστα
501 2177 637 2238 τοιαῦτα
647 2167 884 2248 πεπονθότωνς
900 2165 999 2236 Πάνυ
1008 2168 1069 2252 μὲν
1078 2160 1148 2243 οὖνΙ

140 2269 242 2348 ἔγωγε
252 2267 307 2332 καὶ
314 2263 444 2357 σφόδρα
455 2264 907 2353 μοχθηροόςτοὺςτοιοάτονς
917 2261 1143 2351 ὑπολαμβάνω

139 2358 238 2426 εἷναι·
260 2363 317 2429 καὶ
328 2359 396 2448 ὅσω
408 2357 451 2429 άν
462 2370 589 2448 μᾶλλον
599 2363 779 2446 τοιούτους,
787 2360 937 2451 τοσοάτφ
949 2366 1004 2430 καὶ
1014 2373 1144 2450 μοχθη-

132 2460 306 2542 ροτίρους.
331 2457 467 2547 Οὐκοῦν
482 2464 576 2528 δοκεῖ
586 2458 664 2544 ἡμῖν
681 2457 741 2543 οὐχ
756 2452 888 2542 οἷόντε,
907 2460 1145 2547 χρήσιμαιείναι

139 2562 243 2623 ταῦτα
255 2553 338 2638 πρὸς
348 2563 457 2640 τοῦτο,
470 2555 551 2642 εἰμὴ
564 2554 782 2642 τυγχάνωμεν
791 2558 847 2625 καὶ
853 2556 1005 2642 δεόμενοι
1015 2559 1143 2627 τούτων

136 2653 223 2741 ’πρὸς
241 2659 357 2734 τοῦτος
382 2658 479 2739 Φημί.
508 2653 701 2739 Ἀναγκαῖον
723 2653 799 2740 άρα,
822 2663 913 2741 είπερ
935 2659 1043 2742 μέλλει
1064 2651 1143 2741 ἡμῖν

140 2752 282 2839 χρήσιμα
293 2749 376 2820 εἶναι
387 2752 580 2837 ταῦταπρός
590 2750 713 2832 τοὶςτοῦ
724 2753 874 2840 σώματος
885 2758 1063 2839 θεραπείας
1074 2761 1142 2819 των

139 2855 286 2938 ἐνδειων,
299 2850 368 2938 ἅμα
377 2853 432 2919 καὶ
438 2849 660 2939 δεῖσθαιὴμοῖς
666 2851 796 2920 τούτων
802 2853 988 2937 πρόςτοῦτο
998 2848 1142 2934 ςἝμοιγε

141 2952 239 3017 δοκεῖ.
261 2945 399 3031 Οὐκοῦν
408 2947 474 3038 ὅτφ
485 2950 642 3036 τυγχάνει
651 2960 786 3020 πλείστα
803 2947 943 3035 χρήσιμα
960 2946 1041 3014 ὅντα
1057 2944 1142 3030 πρὸς

100 3074 121 3125 B
138 3053 248 3133 τοῦτο,
266 3036 363 3125 οὗτος
382 3041 425 3113 άν
447 3053 599 3133 φαίνοιτο
625 3052 679 3118 καὶ
700 3054 861 3116 πλείστων
883 3044 1038 3132 δεόμενος
1058 3039 1142 3126 πρὸς

138 3141 248 3229 τοῦτο,
264 3152 355 3227 εἴπερ
367 3141 494 3232 ἀνάγκη
506 3152 574 3214 τάν
584 3154 754 3233 χρησίμων
768 3142 903 3211 πάντων
912 3144 1140 3223 προσδεῖσθαι.

129 3235 262 3327 Ἔμοιγε
273 3247 367 3310 δοκεῖ
377 3242 464 3311 οὕτω
482 3251 673 3330 φαίνεσθαι.
696 3239 891 3327 Ἀναγκαῐον
906 3238 971 3322 άροι
990 3245 1142 3323 φαίνεται

137 3341 220 3407 κατά
237 3367 275 3425 γε
296 3348 417 3411 τοῦτον
435 3339 496 3410 τόν
513 3343 625 3427 λόγον,
637 3333 686 3418 οἷς
702 3339 855 3426 τυγχάνει
872 3334 977 3406 πολλοὶ
995 3338 1141 3426 χρήματα
