2408 3764
414 184 741 244 ΔΗΜΟΔΟΚΟΣ.
1042 181 1082 247 97

74 347 159 417 ὅστε
171 341 303 427 λοιπόν,
312 350 404 463 εἴπερ
416 343 567 441 λέγοντες
575 343 835 461 ἐμφαίνουσιν,
817 340 972 430 εκοὶτερος
982 345 1084 411 είπών

72 449 245 533 ἐμφανιεῖ
264 436 351 509 καῖ’
337 441 435 507 οπότε
450 465 495 562 χε
504 443 575 522 ἐρεῖ
590 439 754 524 ἑκάτερος,
773 440 846 508 τότε
861 443 950 511 καὶ’
933 456 1088 559 εμφανιεῖ

74 533 363 627 ἑιιάτεροςαύτῶν.
387 533 464 603 ὥστ’
478 539 547 619 ἐρεῖ
558 563 576 604 ο
564 532 866 625 ‘666666166066
885 537 915 607 δ’
935 539 1084 624 ὕστερος,

72 632 322 725 καλέμφανιεῖὸ
334 631 575 723 μὲνπρότερος,
594 630 612 700 ὁ
631 629 664 701 6‘
684 632 832 720 ὕστερος·
853 644 910 707 καί
924 642 977 704 τοιΙ
992 648 1084 720 εἴπερ

73 736 175 809 ταύτο
163 735 226 805 ἐν
236 738 328 822 μέρει
337 731 590 819 ἐμφονιούσιν
572 730 729 850 εκάτεροι,
740 757 772 797 τι
767 724 840 798 θεῖ
847 737 894 799 ἐτι
909 743 971 801 τού
988 732 1085 803 6666-

74 864 138 927 ρον
149 832 308 927 6606663
322 827 387 898 ὑπὸ
406 828 470 916 γὰρ
485 838 547 897 τοῦ
563 829 728 914 πρότερον
739 828 889 946 είπόντος
899 830 963 917 666
979 859 1084 917 φανε-

75 933 138 1019 ρόν
154 920 257 1001 ἔσται.
278 933 384 998 ἐκεῖνο
403 925 434 995 6’
439 932 545 1013 ,ἔφιχ
564 925 695 1010 είπερ’
675 927 858 1012 ἀμφότεροι
876 930 1083 1016 ἐμφανιοῦσι,
1102 951 1155 1007 384

75 1040 146 1113 πῶς
157 1056 201 1099 ου
190 1025 326 1099 ’τικλὸ”
308 1053 418 1112 ετερος
427 1024 541 1094 αύτεόν
551 1028 719 1112 ἐμφανεῖς
732 1017 781 1094 66
791 1025 856 1112 γὰρ
869 1023 886 1095 ὁ
899 1027 1008 1109 ἕτερος
1020 1028 1083 1097 οὐκ

76 1134 244 1217 μφανιεῖ,
255 1152 349 1194 ουτοι
359 1149 541 1213 αμφοτεροι
551 1149 621 1202 πως
630 1151 673 1191 αν
683 1127 860 1209 ἐμφανισαι
871 1123 1046 1204 θυναιντο
1038 1132 1086 1193 ·εί

78 1227 113 1296 6'-
125 1224 277 1310 ἑκάτερος
286 1227 448 1311 ἐμφανιεῖ,
461 1220 601 1309 66606‘'
580 1249 632 1290 οτι
649 1225 718 1308 ἐρεῖ
729 1222 890 1310 πρότερος
906 1225 961 1292 καί
978 1227 1085 1311 ἐμφα-

81 1339 150 1393 νιεῖ
165 1325 338 1409 πρότερος
363 1319 441 1390 ὥστ’
467 1325 597 1389 ἐκείνου
616 1321 723 1407 μόνου
745 1319 936 1392 ἀκούσαντα
956 1331 1084 1408 γνῶναι

81 1420 299 1503 6666666'
259 1448 322 1508 ουχ
332 1416 405 1489 οἷόν
415 1446 466 1502 τες
489 1419 553 1507 ἐγώ
566 1428 650 1506 γοῦν
661 1418 797 1536 ἀκούων
808 1418 920 1489 αύτοίν
933 1419 1086 1508 ἠπόρουν

78 1516 395 1608 καλαρίοεινούχοῖ
376 1514 449 1597 οςύ
461 1523 514 1604 66·
526 1521 603 1587 06
567 1545 629 1604 μεν
639 1517 702 1605 γὰρ
714 1517 809 1587 ἀλλοι
822 1524 951 1604 ἔφασαν
962 1526 996 1589 ολ
1004 1546 1084 1606 παρ-

71 1621 171 1701 όντες
192 1619 253 1689 τόν
270 1627 405 1703 πρῶτον
420 1621 529 1700 λέγειν
547 1609 712 1733 ἀλχθῆ.
690 1645 710 1703 6
732 1610 795 1684 ούυ
812 1644 842 1705 τι
859 1623 940 1734 ἔχεις
958 1622 1085 1707 ξυμβα-

78 1725 197 1789 λὲσθαι
218 1744 275 1804 μοι
296 1719 370 1804 περὶ
391 1714 538 1799 τούτοιν,
558 1714 700 1800 πότερόν
722 1716 850 1782 ἐστιν’
833 1714 907 1794 ενός
932 1722 1125 1802 λε’χοντοςΒ

78 1826 203 1904 γνῶναι
214 1822 249 1884 τί
257 1819 354 1901 λέγει,
365 1809 387 1900 6
398 1817 589 1895 προσδεῖται
604 1818 665 1879 τοῦ
682 1809 912 1897 ἀντεροῦντος,
931 1819 961 1881 εί
976 1818 1086 1899 μέλλει

79 1943 127 1996 τις
145 1915 340 2002 χνιόσεσθαι
362 1912 505 1994 πότερον
526 1907 639 1996 ὀρθοῖς
656 1912 757 1995 λέγεις
780 1906 880 1995 6066
901 1908 1084 1996 ἀναγκαῖόν

64 2019 166 2085 ’ἐστιν
177 2013 377 2102 ἀμφοτέρων
390 2008 537 2094 ἀκούειν,
549 2005 651 2094 ἢπολς
662 2014 816 2094 νομίζεις;

165 2311 227 2372 v11.
249 2315 376 2394 Προην
393 2333 442 2387 τις
459 2307 607 2377 ἐνεκάλει
623 2304 818 2391 ἀνθρώπων
834 2312 908 2388 τινί,
926 2303 977 2372 ὅτι
994 2302 1085 2394 αύτῷ

76 2403 243 2491 ἀργύριον
253 2412 371 2491 χρῆσαι
382 2403 444 2477 ούιι
459 2404 625 2494 ἠθέλησεν
636 2402 715 2474 οὐδὲ
726 2410 913 2473 πιστεύσαι·
935 2401 1085 2482 κάκεῖνος

78 2511 151 2592 μέν,
164 2494 191 2590 6
202 2503 358 2588 ἐνεκάλει,
371 2500 576 2591 ἀπελογεῖτο·
599 2502 698 2584 ἀλλος
709 2507 748 2572 θὲ
761 2530 810 2582 τις
825 2512 893 2572 τείν
908 2503 1085 2587 παρόντων

77 2597 230 2688 ήροίτησε
245 2596 305 2665 τόν
324 2601 537 2689 ἐγκαλοῦντα,
559 2604 704 2686 πότερον
724 2599 742 2669 6
761 2604 822 2688 μὲν
845 2603 888 2687 μὴ
909 2601 1085 2678 πιστεύσας

78 2697 170 2788 αύτῷ
181 2695 263 2783 6666
274 2695 398 2780 χρήσας
408 2697 545 2791 ἥμαρτε·
565 2702 607 2767 σύ
615 2700 663 2785 θ’,
676 2707 751 2787 ἐφη,
764 2697 805 2767 06
817 2706 931 2775 πείσας
941 2718 994 2763 σοι
1004 2705 1085 2782 χρῆ·
1106 2712 1125 2763 c

79 2818 135 2866 σαι
145 2796 206 2883 ούχ
216 2794 422 2882 ἡμάρτηκαςς
443 2792 519 2879 666,
533 2804 575 2863 Τί
582 2796 645 2883 γὰρ
657 2797 824 2883 ἥμαρτονς
843 2793 921 2861 εἷπε.
935 2794 1086 2881 Πότερος

81 2895 125 2980 6’,
138 2901 213 2982 ἔφη,
225 2895 277 2961 σοὶ
289 2898 382 2962 δοκεῖ
390 2891 610 2980 ἀμαρτύυεινς
622 2892 639 2962 6
652 2891 829 2978 ἀποτυχείν
841 2883 889 2959 66
900 2888 1054 2978 ἤθελενῆ
1066 2891 1085 2965 6

80 2996 141 3082 6⁸63
159 2993 193 3062 Ὁ
206 2991 394 3080 ἀποτυχείν,
407 2991 508 3061 εἶπεν.
531 2989 679 3110 Οὐκοῦν,
693 2989 773 3075 εἶπε,
785 2987 828 3057 σύ
840 2988 900 3077 μὲν
918 2987 1085 3076 ἀπέτυχες,

78 3095 267 3211 χρήσασθαι
280 3088 461 3175 ἐθέλους’
445 3119 464 3161 ο
484 3095 524 3161 δέ
537 3113 592 3161 σοι
607 3118 652 3178 μη
641 3088 845 3177 προέσθαι,
867 3087 930 3159 066
946 3087 1085 3176 ἀπέτυχε

77 3194 217 3269 τούτους
238 3190 359 3277 Ναί,
329 3215 435 3260 ειπευ
456 3188 528 3260 ἀλλ’
544 3191 607 3316 666
619 3187 684 3258 τί
660 3213 821 3276 ημαρτον,
832 3215 887 3257 και
876 3190 934 3257 εἰ
947 3189 990 3275 66
1003 3192 1087 3257 ἐκεῖ·

78 3289 138 3366 νός
158 3314 216 3373 μοι
239 3295 378 3372 ἐθωκενς
407 3289 480 3359 Ὅτι
497 3293 578 3360 εί
541 3318 605 3409 μεν
620 3292 715 3358 ἐθίου
733 3284 849 3373 αὐτοῦ,
868 3293 943 3405 ἔφη,
958 3276 1006 3353 66
1023 3284 1086 3354 οὐκ

77 3391 188 3532 ἐχρχῆν,
197 3412 271 3534 πεχςι
274 3415 336 3456 ουκ
348 3399 410 3461 οίει
420 3386 637 3479 ἀμαρτύνειν;
650 3393 775 3469 ἐκεῖνος
781 3385 845 3457 66
829 3413 847 3455 ο
857 3384 1099 3530 μηπχοέρεοοε.

139 3494 175 3531 LA
181 3497 213 3532 TO
268 3518 276 3535 ο
