2422 3758
345 555 393 636 A
419 551 463 636 Λ
489 555 533 637 Β
559 555 588 634 I
611 554 655 635 N
687 556 723 634 0
758 557 801 637 Υ
909 618 912 627 .

164 704 331 804 εἰσαγωγὴ
360 714 409 797 εἰς
435 705 524 796 τούς
551 712 745 797 Πλάιοινος
772 714 971 805 διαλόγους.

499 890 647 901 ——.-

152 999 172 1054 Ι.
186 987 254 1053 Ότι
269 998 310 1090 τῷ
325 993 458 1072 μέλλοντι
473 989 658 1096 ἐντεύξεσθαι
673 1000 734 1068 ιοῖς
747 991 909 1068 Πλάτωνος
924 990 1070 1099 διαλόγοις

68 1071 218 1176 προσήκει
218 1097 415 1179 προτερον
379 1077 415 1138 ἐ
415 1070 604 1140 ίστασδαι’
567 1071 639 1140 αυτὸ
653 1083 746 1152 τοῦτο,
762 1101 778 1139 ι
778 1079 874 1147 ίποτέ
887 1078 964 1141 ἐστιν
977 1071 1070 1142 δδιά·

69 1165 161 1243 λογος.
188 1155 254 1221 οὔτε
270 1153 328 1240 γὰρ
349 1183 421 1223 ανιυ
443 1161 542 1242 ιέγνιγς
556 1154 635 1235 ιινδς
648 1161 699 1222 καλ
713 1157 864 1242 δυνάμιας
878 1163 1072 1308 γεγριγμμένοι

68 1245 154 1316 dclv,
177 1238 243 1305 οὔτε
235 1249 394 1389 ἕτεχνιγιγις
410 1247 554 1346 γνωρίσαι
568 1241 722 1331 ῥᾴδιον
691 1266 733 1306 ιω
748 1267 789 1347 γε
797 1238 964 1350 «ἠγρίως’
946 1249 1016 1310 απεί
1015 1271 1072 1348 ριγς

69 1318 213 1407 &oms
194 1350 233 1408 αρ
235 1326 362 1429 ἕσιγιιδέ
382 1333 424 1432 ιιγῖ
443 1325 598 1430 φιλοσόφιγ
618 1328 692 1429 περὶ
699 1321 809 1404 παντὸς
824 1323 996 1394 οὑτινοσοῦν
1016 1324 1072 1411 ιέγν

68 1410 177 1555 σγιέιγιυ
190 1407 369 1490 ποιούμενον
382 1390 437 1492 ιέγν
451 1404 555 1514 οάγλαν
567 1417 620 1514 ιγῦ
620 1406 800 1515 γιράγματογ
811 1409 909 1490 ἐξιιάζ
891 1417 958 1490 ζ,ειν
975 1416 1072 1478 ἔπειτα

66 1496 194 1596 ιίγοῦγο
210 1491 334 1596 δγιναται
348 1496 400 1558 καλ
416 1493 499 1559 τῖ’
457 1521 516 1578 μιγ,
532 1489 608 1579 πρός
621 1519 637 1559 ο
629 1492 681 1558 ’τί
693 1519 724 1559 τε
755 1493 880 1579 ρήσιμον
893 1465 1008 1602 πέγάυιγι
1022 1499 1073 1560 ιιαλ

66 1571 144 1658 πρὸς
163 1571 241 1658 όμιγ.
263 1579 386 1660 λέγειδὲ
405 1569 475 1642 ὦδε·
497 1580 564 1663 περὶ
577 1576 700 1654 παντός,
759 1588 828 1655 παῖ,
851 1576 936 1685 μέγ’
918 1576 995 1688 αργὴ
1010 1589 1072 1682 ιοῖγ

66 1661 205 1766 μέλλγυσι
225 1668 322 1765 ιγαλιδγ
336 1660 545 1766 βουλεύεσθαι·
567 1663 675 1726 εἰδέναι
694 1664 742 1726 δεῖ
756 1655 873 1764 γιιρλ
839 1688 873 1726 ου
891 1658 930 1727 ἀν
944 1691 964 1766 γγ
954 1659 1073 1746 βουλὴ

67 1736 104 1830 ᾗ,
127 1739 254 1847 ἢγγαρά
263 1752 348 1808 τοῦτο
363 1741 542 1856 διμογριάνειν
562 1739 694 1848 ἀνάγκη·
719 1741 787 1850 τογίς
802 1747 834 1809 δὲ
823 1743 974 1850 πολλοὺς
988 1747 1071 1826 λέλιγ-

66 1837 139 1904 θεν,
161 1823 207 1892 ότι
220 1823 277 1892 αιἰκ
290 1832 371 1893 ισασι
389 1855 456 1932 τιγν
458 1823 564 1894 οάσίαν
583 1825 764 1893 ἕκάστου“
746 1855 785 1905 οις
799 1820 855 1893 οὖν
871 1823 951 1932 [ογκ]
967 1828 1073 1904 εἰδότες

67 1905 104 1976 αὖ
118 1879 367 2019 διογολογογινται
386 1906 456 1976 ἐν’
414 1921 514 2020 αργγγ
533 1920 585 1995 τῆς
608 1914 754 2018 σκέυεγγγ,
759 1911 969 2018 προελθόντες
988 1907 1069 1977 δὲ
1039 1936 1072 1975 ιο

67 1991 170 2109 γίκός
161 1993 370 2060 ἀποδιδόασιν
393 1994 459 2060 οὔτε
477 1997 535 2081 γὰρ
551 1995 708 2072 ἕοιυτοις’
679 1991 737 2061 οότ’
755 1993 853 2072 ἀλλοις
868 1993 1073 2099 ὁμολογοῦσιν.

67 2083 119 2144 ἴνα
133 2105 189 2145 ουν
204 2077 245 2187 μὴ
258 2088 343 2182 γοῦτο
357 2077 503 2183 παθγιμιν
517 2078 740 2184 ἐντυγχάνοντες
753 2089 814 2156 τοῖς
831 2080 993 2182 Πλάιιγνος
1008 2084 1072 2143 δια-

68 2161 180 2268 λόγοις,
201 2159 274 2229 αιἰιδ
294 2171 395 2240 τοῦτο,
417 2160 490 2270 όιιιγ
503 2167 604 2268 ἐφιγν,
599 2162 812 2268 σκεμιόμεδα,
833 2168 861 2227 τί
879 2187 933 2227 ποι
931 2157 1074 2270 ’ἔστινῖγ

70 2245 215 2350 διάλογος.
246 2251 305 2313 ἔστι
325 2245 479 2312 τοίνυν’
445 2274 501 2313 ουκ
522 2246 595 2313 ἀλλο
608 2273 637 2312 τι
655 2275 677 2330 ιγ
692 2256 778 2331 λογος
792 2247 856 2326 ἐξέ
856 2244 1008 2332 ρωτιγσεως
1023 2247 1074 2309 καὶ

70 2325 251 2416 ἀποκρίσεως
260 2336 449 2436 γυγκείμινος
459 2335 529 2438 γιιρλ
541 2357 620 2437 τινογ
633 2339 693 2397 τῶν
711 2339 872 2397 πολιτικαν
886 2333 938 2396 καὶ
952 2328 1073 2412 φιλοσό-

71 2441 138 2495 φων
146 2414 336 2500 πραγμάτων,
353 2412 424 2498 μετὰ
437 2424 488 2499 τῆς
501 2414 667 2521 πρειιοόσγγς
678 2410 890 2521 ιγθοποιΐας
849 2442 909 2480 των
918 2423 1074 2499 παραλαμ-

71 2501 199 2582 βανομέν
200 2527 242 2564 αν
243 2499 421 2605 προσώπων
435 2504 486 2565 καὶ
501 2508 552 2582 τῆς
567 2497 641 2564 ιιαιά
655 2497 712 2603 γὴν
727 2503 805 2578 λέξιν
819 2507 1009 2604 κιγτασκγυῆς.

153 2592 187 2647 11.
202 2581 303 2666 Λόγος
315 2575 419 2687 μὲν
382 2609 438 2647 ουν
443 2580 588 2687 λέγεται
576 2609 592 2649 ο
614 2582 751 2688 διάλογος
769 2581 926 2687 κνγθάπερ
921 2608 937 2646 ο
927 2579 1074 2663 ’ἄνδρα

71 2691 123 2743 πος
137 2673 227 2744 ζωον
250 2670 311 2732 ἐπεὶ
330 2662 394 2731 δὲ
381 2692 398 2730 ο
418 2665 504 2750 λόγος
526 2663 629 2732 ἐσιλν“
618 2694 634 2732 ο
648 2670 702 2749 μὲν
722 2661 926 2739 ἐνδιάθετος“
911 2689 930 2765 γι
952 2665 985 2726 δὲ
992 2687 1074 2766 προ·

73 2749 215 2854 γορικός,
232 2746 424 2833 ἀκουσόμεθα
437 2758 489 2814 τοῦ
502 2758 710 2856 προφορικοῦ·
725 2776 776 2814 και
767 2751 853 2812 ἐπεὶ
867 2744 1003 2810 ιοόιουο
992 2740 1075 2849 ’μέν

73 2836 130 2899 ἐστι
144 2861 221 2900 κατα
208 2830 367 2913 διέξοδον
380 2832 548 2935 λεγόμενος,
569 2857 585 2897 ο
575 2830 636 2898 δλ
649 2860 704 2898 και
702 2829 871 2937 ’ἐρώτησιν
885 2822 970 2893 καλ’
951 2825 1074 2934 απόιιργ-

74 2938 132 2996 σιν,
154 2923 298 2984 ἴδιονιου
285 2915 452 3001 διαλόγου
468 2915 619 3020 ἐρωιήσεγς
634 2920 685 2982 καλ
698 2911 882 2999 ἀποκρίσεις·
904 2908 1008 2978 οδενδ
1025 2909 1074 2975 λό·

73 3028 120 3084 γος
131 3004 160 3081 ἐξ
176 3001 341 3088 ἐρωτήσεως
356 2999 432 3066 εἷναι
423 3003 562 3104 λό.γιιαι
575 3025 608 3065 ιο
596 2995 654 3065 δλ
663 3006 730 3086 περί
738 3025 818 3076 τινος
831 3023 891 3062 ιοιν
901 2996 1075 3078 φιλοσόφων

74 3089 122 3151 καλ
136 3095 297 3152 πολιτικῶν
310 3084 491 3192 πραγμάτων
504 3083 705 3188 πρόσγιιται,
713 3083 786 3150 διότι
808 3086 920 3147 οἰκείαν
939 3077 1016 3146 εἶναι
1031 3084 1080 3144 δεῖ

74 3168 125 3253 τὴν
145 3168 345 3276 υποιιειμένιγι
360 3169 436 3251 ύλιγν
450 3196 491 3256 ιφ
478 3166 651 3257 διαλόγιγ·
674 3166 749 3280 αόγγγ
768 3169 802 3232 66
814 3161 923 3232 ἐστιν’
907 3192 927 3269 ιγ
938 3159 1075 3244 πολιιικιγ

75 3259 122 3319 καλ
138 3253 308 3337 φιλόσοφος.
326 3251 364 3332 ὡς
379 3279 436 3337 γαρ
447 3279 483 3340 ιγ
469 3232 643 3342 τραγγδλγ
654 3280 705 3319 και
695 3249 791 3328 όλως
801 3277 870 3401 γγγ
851 3269 968 3332 πονγσει
983 3252 1076 3314 οἰκεία
