2408 3764
142 207 185 272 so
490 193 799 276 εΠῑΣνοΛΗξ.
894 206 902 221 ‘

142 365 286 436 ἀκούσαι
297 365 359 453 χρή
371 364 452 444 τούς
463 364 520 450 ἐμὲ
530 369 808 449 παρακαλοῦντας
814 359 945 450 πρόςτόι
956 367 1023 430 νύν
1035 363 1147 451 πρόγ-

105 475 126 525 D
145 490 239 552 ματα.
264 458 374 553 ἦλθον
387 461 565 549 Ἀθηναῖος
579 459 666 550 ἀνήρ
678 461 754 548 ἐγύ,
767 453 1044 549 ἑταίροςἈίωνος,
1057 463 1147 550 σύμ-

140 588 243 649 μαχος
253 559 346 653 αύτῷ
357 559 442 648 πρὸς
452 559 514 628 τὸν
523 559 707 648 τύραννον,
726 557 817 639 ὅπως
833 556 908 627 ἀντὶ
922 560 1073 645 πολέμου
1085 584 1146 647 φι-

140 667 216 728 λίαν
228 660 418 748 ποιήσαιμι·
444 659 686 746 διαμαχόμενος
697 659 735 726 δὲ
751 657 1074 746 τοῑςύιαβύλλουσιν
1084 657 1146 746 ήτ-

139 758 258 844 τήθην.
293 764 473 838 πείθοντος
501 756 539 825 δὲ
566 763 755 826 Διονυσίου
783 770 893 844 τιμαίς
915 759 971 829 καί
999 759 1145 845 χρήμασι

139 859 301 942 γενέσθαι
312 856 385 944 μετ’
404 855 512 925 αύτού
524 857 581 943 ἐμὲ
592 855 746 943 μάρτυρύ
757 881 793 923 τε
804 858 861 923 καὶ
872 861 974 941 φίλον
985 855 1143 944 πρὸςτήν

139 952 344 1043 εύπρέπειαν
365 958 585 1042 τής·ἐιιβολής
607 960 665 1039 τής
684 961 818 1034 Δίωνος
839 952 930 1045 αύτῷ
951 959 1141 1043 γίγνεσθαι,

138 1052 271 1122 τούτων
282 1053 325 1141 δή
336 1051 373 1121 τὸ
388 1060 457 1121 πᾶν
467 1052 660 1139 διήμαρτεν,
672 1050 818 1139 ύστερον
834 1055 872 1120 δὲ
888 1050 931 1138 δή
948 1052 1076 1121 νατιιόν
1087 1063 1139 1122 ολ-

99 1166 120 1215 Ε
136 1157 219 1221 παδε
235 1159 332 1222 Δίων
348 1151 484 1240 ἀδελφώ
505 1153 568 1221 δύο
586 1152 837 1238 προσλαμβάνει
853 1149 1058 1240 Ἀθήνηθεν,
1076 1150 1140 1223 ούα

136 1253 173 1318 ἐν
184 1256 386 1336 φιλοσοφίας
396 1253 554 1337 γεγονότε
565 1257 665 1338 φίλω,
677 1247 751 1317 ἀλλ’
765 1252 802 1317 ἐκ
813 1256 871 1335 τῆς
882 1250 1142 1339 περιτρεχούσης
1154 1328 1159 1335 ,

135 1351 297 1436 ἑταιρείας
308 1352 432 1436 ταύτης
444 1357 503 1438 τῆς
513 1356 582 1418 τόν
599 1355 765 1418 πλείστων
776 1354 897 1437 φίλων,
908 1345 952 1436 ἣν
963 1350 1000 1416 ἐκ
1010 1356 1074 1416 τοῦ
1085 1356 1142 1431 ξε-

133 1451 282 1527 νίζειντε
293 1449 349 1515 καὶ
360 1461 459 1535 μυείν
475 1452 531 1516 καί
547 1449 747 1517 ἐποπτεύειν
762 1447 1063 1536 πραγματεύονται,
1082 1453 1140 1516 καὶ

133 1543 176 1631 δή
188 1547 243 1612 παὶ
254 1547 363 1615 τούτω
375 1547 421 1615 τύ
434 1548 723 1636 ξυγααταγαγόντε
734 1546 841 1616 αύτόν
859 1553 947 1634 φίλω
958 1548 995 1616 ἐπ
1006 1547 1138 1615 τούτων

132 1668 168 1709 τε
189 1646 245 1711 καὶ
269 1646 307 1712 ἐκ
323 1652 382 1732 τῆς
393 1644 479 1735 πρός
499 1645 561 1733 τήν
582 1649 735 1716 πόθοδον
751 1644 935 1733 ὑπηρεσίας
954 1647 1139 1732 ἐγενέσθην

63 1742 515 1830 334ἑὲεταίρω·ἐλθόντεςό
498 1746 909 1833 είςΣιαελίαν,ἐπειὸήΔί
907 1742 1138 1835 ωναήσθοντο

133 1843 441 1930 διαβεβλημένονί
411 1869 426 1911 ε
440 1843 548 1924 ςτούς
561 1841 886 1933 ἐλευθερωθέντας“
867 1841 927 1912 υπ’
947 1842 1055 1912 αύτου
1041 1850 1138 1912 ιΣι-Ι

132 1937 329 2022 αελιεότας
305 1967 351 2038 ως
363 1944 627 2030 ἐπιβουλεύοντα
638 1945 797 2028 γενέσθαι
814 1941 997 2028 τύραννον,
1013 1938 1055 2008 ού
1073 1939 1138 2027 μό-

131 2062 195 2104 νον
205 2036 266 2107 τόν
284 2033 417 2128 ἑταῖρον
428 2042 484 2108 καὶ
494 2043 592 2121 ξένον
603 2038 809 2128 προύδοσαν,
822 2036 895 2106 ἀλλ’
907 2032 984 2104 οἷον
995 2044 1058 2105 τού
1069 2039 1137 2122 φό

130 2161 196 2203 νου
213 2135 406 2225 αὐτόχειρες
425 2139 593 2224 ἐγένοντο,
617 2136 705 2206 ὅπλα
720 2142 852 2224 ἔχοντες
873 2139 911 2202 ἐν
928 2148 999 2212 ταίς
1020 2137 1137 2219 χερσὶν

131 2234 228 2303 αύτοὶ
249 2250 319 2316 τοῖς
337 2241 482 2321 φονεῦσι
500 2241 709 2321 παρεστωτες
731 2237 913 2317 ἐπίκουροι.
936 2230 993 2294 καί
1014 2253 1051 2294 το
1041 2226 1135 2311 μὲν

129 2331 268 2418 αίσχρόν
279 2334 336 2401 παὶ
352 2332 491 2402 ἀνόσιον
503 2331 583 2400 ούτε
599 2337 756 2416 παρίεμαι
771 2334 877 2415 ἔγωγε
889 2324 968 2394 ούτε
979 2351 1011 2394 τι
1028 2330 1132 2412 λέγω·

128 2437 264 2506 πολλοῖς
285 2428 349 2515 γὰρ
371 2431 428 2496 καὶ
442 2427 556 2507 ἄλλοις
571 2424 693 2514 ύμνείν
715 2431 821 2494 ταῦτα
842 2424 993 2512 ἐπιμελὲς
1010 2429 1067 2494 αοίὶ
1086 2432 1134 2506 είς

94 2548 113 2597 Β
131 2523 192 2592 τόν
203 2529 317 2592 ἔπειτα
327 2526 463 2612 μελήσει
473 2526 616 2612 χρόνον·
638 2526 676 2594 τό
689 2528 727 2595 δὲ
735 2523 926 2613 Ἀθηναίων
943 2529 1018 2614 πέρι
1033 2526 1133 2612 λεγό-

128 2648 243 2712 μενον,
257 2619 303 2706 ύς
314 2625 478 2712 αἰσχύνην
495 2617 590 2693 οὗτοι
607 2631 777 2713 περιῆψαν
792 2632 834 2794 τῖή
849 2625 958 2713 πόλει,
976 2628 1131 2709 ἐξαιρού-

37 2754 46 2766 ’
127 2749 203 2810 μαι·
226 2728 312 2811 φημί
328 2724 393 2846 γὰρ
415 2722 574 2794 αύιεϊνον
587 2722 818 2811 Ἀθηναῖοιί
786 2749 883 2814 εναι,
900 2721 939 2804 ός
960 2721 1002 2792 ού
1020 2721 1132 2843 προή-

128 2826 216 2890 δωαε
226 2820 287 2890 τόν
305 2819 411 2892 αύτόν
427 2828 561 2911 τοῦτον,
578 2822 654 2904 ἐξὸν
675 2823 826 2911 χρήματα
841 2825 897 2890 καὶ
914 2819 1016 2903 αλλας
1034 2820 1130 2908 τιμὰς

127 2919 252 3002 πολλὰς
262 2923 462 3009 λαμβάνειν·
484 2918 526 2990 ού
535 2920 602 3011 γὰρ
614 2919 671 2991 διὰ
682 2924 858 3012 βαναύσου
869 2918 1048 3008 φιλότητος
1055 2924 1131 3007 ἐγε-

125 3017 220 3104 γόνει
242 3025 351 3107 φίλος,
374 3021 430 3089 διὰ
451 3021 489 3090 δὲ
510 3023 691 3109 ἐλευθέρας
718 3024 870 3099 παιδείας
891 3011 1130 3106 κοινωνίαν,
1106 3049 1131 3110 φ

125 3117 213 3207 μόνη
223 3118 286 3208 χρή
299 3121 472 3189 πιστεύειν
483 3122 544 3190 τὸν
553 3128 642 3190 νούν
656 3121 862 3209 κεκτημένον
872 3117 1034 3206 μαλλον”
1013 3149 1033 3207 η
1046 3125 1129 3207 ξυγ-

123 3224 237 3307 γενεία
247 3224 367 3306 ψυγων
377 3220 433 3286 καὶ
445 3220 624 3305 σωματων
642 3217 728 3287 ωστε
738 3245 802 3287 ουκ
813 3215 894 3300 αξίω
905 3216 1059 3299 ονείδους
1070 3247 1130 3306 γε

88 3338 108 3389 c
125 3315 270 3401 γόνατον
281 3340 322 3405 τη
308 3316 428 3384 πόλει
440 3343 485 3385 τω
473 3315 651 3386 Δίωνα’
632 3325 771 3386 αποατεί
769 3343 881 3406 ναντε,
900 3315 945 3398 ύς
963 3320 1127 3407 ἐλλογίμω

111 3413 371 3505 πωποτεανδρε
379 3420 563 3505 γενομένω.
