2408 3764
410 231 727 310 Επιενοκιις.
859 216 864 221 ’
1035 236 1077 301 35

155 393 387 484 Ξυμβουλη
347 423 370 483 μ
388 422 410 463 ν
421 394 462 482 δὴ
474 396 529 463 καί
541 394 697 480 ἐπιστολὴ
715 397 862 484 εἰρήσθω
880 402 937 467 καί
953 396 974 486 ἡ
987 396 1077 486 παρὰ

69 495 258 564 Διονύσιον
270 493 331 616 ἐμη
349 497 497 583 προτέρα
513 492 642 580 ἄφιξις·
664 519 686 578 η
673 490 741 561 δέ
757 494 798 581 δη
816 494 941 586 ύστέρα
958 504 1077 618 πορεία

69 619 104 661 τε
119 598 175 662 καί
186 591 327 674 πλοῦς*
304 620 349 673 ως
361 596 498 671 εἰκότως
508 617 545 659 τε
560 589 628 685 ἅμα
649 593 706 657 καί
723 593 869 678 ἐμμελεῖς
885 587 1077 685 γέγονεν,
1049 623 1076 688 φ

69 690 191 814 μέλει’
172 693 313 761 ακούειν
324 688 476 773 ἔξεστι
441 716 479 759 το
493 687 575 774 μετὰ
585 694 696 756 τοῦτο.
710 714 728 756 ο
716 686 851 774 μὲν
814 719 876 779 γαρ
888 693 930 782 δὴ
943 702 1075 783 πρῶτος

68 791 189 879 χρόνος
199 798 259 878 τῆς
276 793 314 857 ἐν
325 793 467 875 Σικελίᾳ
478 789 651 873 διατριβῆς
660 812 719 874 μοι
736 791 952 879 διεπεράνθη,
964 784 1075 863 καθύ-
1090 802 1144 859 338

69 915 131 979 περ
145 889 253 974 εἰπον,
265 889 347 973 πρὶν
358 884 607 972 συμβουλεύειν
623 898 694 966 τοίς
711 891 848 967 οἰκείοις
863 890 919 954 καί
935 892 1075 1009 ἑταίροις

67 1002 138 1068 τοῖς
156 989 233 1073 περὶ
250 988 385 1053 Δίωνα
407 981 445 1050 τό
460 1009 520 1069 μετ
524 980 716 1052 Νέκείναδ
737 977 803 1053 ούν
822 985 975 1053 ἐπεισα
954 1011 1020 1075 οκη
1032 990 1074 1076 δή

67 1111 133 1156 ποτ
136 1081 335 1206 ’ἐδυνάμην
344 1081 532 1149 Διονύσιον
549 1079 688 1169 ἀφειναί
703 1109 790 1172 με,ε
775 1083 911 1171 εἰρήνης
925 1084 962 1152 δέ
977 1109 1077 1169 γενο-

68 1175 219 1272 μένης,
197 1208 241 1269 ην
251 1179 315 1269 γάρ
326 1181 400 1249 τότε
411 1180 557 1268 ’πόλεμος
574 1183 612 1249 ἐν
622 1191 773 1274 Σικελίηι,
793 1182 1077 1271 ξυνωμολογήσα-

70 1308 134 1368 μεν
141 1278 332 1369 ἀμφότεροι
340 1279 525 1360 Διονύσιος
530 1307 554 1367 μ
555 1282 665 1368 νέφη
671 1285 1076 1371 μεταπέμψασθαιΔίωνα

69 1381 126 1447 καί
137 1379 193 1466 έμέ
202 1377 314 1465 πόλιν,
326 1377 617 1474 καταστησόμενος
628 1404 669 1446 τα
656 1376 804 1469 περί
767 1405 831 1468 την
842 1378 950 1468 ἀρχὴν
961 1377 1074 1467 ἀσφα-

68 1477 253 1566 λέστερον’
236 1501 353 1568 εαυτφ,
365 1483 485 1546 Δίωνα
497 1477 534 1545 δὲ
550 1475 646 1563 ἠξίου
664 1479 934 1548 διανοείσθαι
893 1508 939 1578 μη
956 1479 1072 1602 φηγὴν

66 1575 157 1667 αύτφ
142 1577 393 1663 γεγονέναι
355 1603 441 1664 τοτε,
452 1577 654 1677 μεταστασιν
665 1582 717 1647 δέ
736 1577 853 1667 ἐγωδ’
869 1575 1004 1666 ἥξειν
981 1606 1072 1667 ωμο-
1089 1591 1110 1641 Β

67 1677 194 1763 λόγησα
212 1679 265 1745 έπλ
287 1675 421 1756 τούτοις
437 1689 508 1756 τοίς
529 1659 653 1765 λόγοις,
673 1683 857 1765 γενομένης
878 1679 968 1746 δέἰ
938 1678 1071 1766 εἰρηνης

66 1778 271 1863 μετεπέμπετ
273 1773 370 1864 ’ἐμέ,
381 1782 500 1845 Δίωνα
511 1773 549 1842 δὲ
561 1777 708 1862 ἐπισχεῖν
720 1780 768 1844 ἔτι
785 1773 942 1845 ἐνιαυτόν
954 1779 1070 1864 ἐδείτο,

66 1874 122 1962 ἐμὲ
134 1873 205 1943 δέ”
182 1902 279 1961 ηκειν
290 1878 327 1942 ἐκ
338 1873 465 1955 παντὸς
475 1874 605 1962 τρόπου
617 1873 724 1961 ἠξίου.
742 1880 838 1943 Δίων
849 1867 965 1961 μέν’
921 1899 986 1942 ουν
997 1876 1071 1945 ἐκέ-

65 1976 147 2043 λευέ
154 1977 192 2042 τί
200 2000 242 2060 με
253 1982 349 2042 πλεῖν
361 1975 416 2043 καὶ
427 1977 549 2042 έδείτο·
571 1974 627 2042 καί
637 1973 702 2061 γὰρ
713 1973 754 2060 δὴ
767 1975 866 2060 λόγος
878 1974 995 2064 ἐχύρει
1005 2001 1070 2043 πο-

49 2071 127 2153 λύς
145 2076 182 2140 έκ
195 2078 364 2159 Σικελίας,
387 2070 433 2152 ἀς
448 2071 634 2153 Διονύσιος
650 2081 853 2160 θαυμασταῖς
869 2080 1070 2161 φιλοσοφίας

66 2175 103 2239 ἐν
126 2174 290 2260 ἐπιθυμία
312 2170 415 2240 πόλιν
437 2179 488 2258 εἰη
506 2171 655 2258 γεγονώς
670 2169 711 2239 τόι
729 2178 811 2239 νύν·
835 2169 921 2239 ὅθεν
938 2169 956 2238 ὁ
974 2176 1070 2240 Δίων

66 2271 317 2355 συντεταμένως
330 2270 435 2338 ἐδέίτο
447 2268 545 2358 ἡμῶν
561 2277 603 2361 τῇ
617 2273 822 2358 μεταπέμψει
838 2269 883 2356 μὴ
901 2266 1067 2359 ἀπειθεῖν,

64 2367 132 2455 ἐγὼ
147 2368 183 2432 δὲ
195 2364 259 2456 ᾔδη
269 2372 331 2453 μέν
341 2394 408 2437 που
422 2368 505 2437 κατὰ
516 2367 584 2456 τὴν·
589 2373 795 2456 φιλοσοφίαν
805 2381 874 2449 τοῖς
884 2371 973 2450 νέοις
984 2378 1068 2438 πολ·
1084 2383 1103 2435 c

65 2467 109 2537 λὰ
125 2472 264 2533 τοιαῦτα
278 2470 471 2558 γιγνόμενα,
483 2530 485 2535 ,
496 2467 589 2556 ὅμως
605 2467 638 2538 δ’
661 2462 727 2538 οάν
744 2464 994 2558 ἀσφαλέστερόν
1011 2495 1069 2557 μοι

66 2570 161 2646 ἔδοξε
177 2569 306 2650 χαίρειν
326 2567 401 2635 τότε
422 2595 462 2654 γε
478 2568 585 2638 πολλὰ
600 2571 656 2638 καλ
673 2576 790 2639 Δίωνα
807 2570 864 2637 καί
879 2569 1069 2638 Διονύσιον

67 2669 137 2758 ε’ἀν,
145 2666 201 2733 καί
212 2662 416 2753 ἀπηχθόμην
426 2665 554 2756 ἀμφοῖν
565 2666 902 2759 ἀποκρινόμενος,ότι
913 2668 1022 2751 γέρων
1033 2690 1070 2732 τε

67 2776 140 2854 εἰηυ
152 2768 208 2834 καὶ
218 2763 303 2832 κατά
314 2762 372 2844 τὰς
387 2763 564 2853 ὁμολογίας
579 2766 682 2836 οὐδὲν
693 2775 842 2853 γίγνοιτο
859 2771 927 2830 τῶν
944 2761 985 2830 τά
1002 2768 1069 2830 νύν

66 2866 312 2952 πραττομένων.
336 2868 425 2932 ἔοικε
436 2863 478 2950 δὴ
490 2863 527 2931 τό
540 2863 621 2950 μετὰ
637 2872 738 2933 τούτο
752 2862 911 2948 ’Δρχύτης
926 2886 962 2930 τε
979 2858 1069 2947 παρά

66 2967 254 3035 Διονύσιον
266 2959 466 3049 ἀφικέσθαι·
488 2960 553 3049 ἐγώ
564 2961 629 3049 γάρ
641 2960 721 3050 τίρίν
733 2959 866 3029 ἀπιέναι
884 2965 997 3042 ξενίαν
1013 2961 1067 3029 καί

66 3070 183 3151 φιλίαν
194 3061 400 3151 Ἀρχύτηκαλ
410 3066 527 3144 τοίςέν
542 3061 689 3148 Τάραντι
706 3062 762 3129 καλ
777 3066 951 3154 Διονυσίφ
967 3059 1067 3147 ποιη-

66 3183 126 3244 σας
137 3161 319 3232 ἀπέπλεον·
335 3161 429 3232 ἀλλοι
440 3167 478 3232 τί
486 3188 575 3244 τινες
585 3165 623 3232 έν
635 3163 872 3250 Συρακούσαις
881 3155 1068 3249 ἦσανΔίω-
1083 3172 1105 3224 D

65 3263 126 3342 νός
142 3288 178 3331 τε
195 3259 276 3331 ἀττα
293 3263 508 3350 διακηκοότες
524 3266 581 3331 καλ
595 3262 726 3331 τούτων
736 3259 824 3342 τινὲς
835 3258 941 3349 ἀλλοι,
958 3280 1007 3327 πα

65 3362 267 3448 κουσμάτων
287 3388 391 3432 τινων
414 3367 569 3451 ἔμμεστοι
590 3388 659 3432 των
679 3387 763 3432 κατα
749 3282 1135 3548 φιλοσοφίανῖ

66 3466 210 3530 δοκονσί
213 3488 273 3548 μοι
288 3468 464 3563 Δισνυσίφ
481 3471 673 3562 πειρᾶσθαι
683 3469 916 3619 διαλόγεσξηι
926 3480 1008 3529 των
