2422 3758
496 762 789 874 ΑΞιοΧοΣ

473 977 509 1077 [ἢ
531 986 608 1075 περὶ
630 952 818 1084 θανάτου]

572 1175 724 1185 ——-.-

234 1246 242 1269 ¹
323 1301 375 1355 TA
405 1297 489 1356 ΤΟΥ
512 1300 736 1359 ΔΙΑΛΟΓΟΥ
760 1301 967 1362 ΠΡΟΣΩΠΑ

103 1504 108 1515 ·
233 1467 513 1552 ΣΩΚΡΑΤΗΣ,
542 1469 789 1554 ΚΛΚΙΝΙΑΣ,
822 1467 1041 1550 ΑΞΙΟΧΟΣ.

90 1611 127 1660 St.
248 1624 268 1656 .·

72 1681 142 1811 6166
225 1749 248 1810 Ι.
273 1741 409 1823 Ἐξιόντι
431 1766 487 1827 μοι
509 1742 541 1819 ἐς
561 1741 778 1827 Κυνόσαργες
796 1745 851 1810 καὶ
877 1749 1043 1833 γενομένῳ
1068 1755 1147 1832 [μοι]

142 1841 225 1909 κατὰ
244 1843 302 1909 τὸν
319 1836 457 1909 Ἰλισσὸν
473 1842 561 1924 διῇξε
583 1837 678 1924 φωνὴ
698 1840 846 1926 βοῶντός
861 1867 933 1927 του,
944 1841 1147 1960 Σωκρατες,

141 1940 327 2026 Σώκρατες.
351 1935 443 2018 ὡςδὲ
457 1938 666 2024 ἐπιστραφεὶς
678 1937 920 2023 περιεσκόπουν
938 1936 1067 2007 ὁπόθεν
1085 1951 1147 2027 είη,

143 2043 299 2106 Κλεινίαν
311 2033 378 2123 ὁρῶ
394 2034 454 2105 τόν
469 2034 613 2121 Ἀξιόχου
628 2037 752 2103 θέοντα
769 2039 822 2104 ε’πλ
837 2036 1049 2122 Καλλιρρόην
1065 2063 1146 2122 μετα

143 2136 310 2220 Λαμωνος
327 2141 388 2201 τοῦ
403 2141 568 2221 μουσικοῦ
586 2158 641 2199 και
630 2134 828 2219 Χαρμίδου
845 2140 905 2201 τοῦ
926 2135 1145 2213 Γλαύκωνος·

138 2230 243 2317 ἤστην
259 2233 295 2299 δὲ
305 2229 395 2321 αὐτῷ
407 2256 424 2297 ο
414 2222 497 2315 ’μὲν
509 2228 705 2306 διδάσκαλος
715 2237 784 2296 τῶν
794 2227 876 2297 κατὰ
889 2233 1063 2349 μουσικήν,
1079 2258 1097 2298 ο
1087 2229 1142 2299 ”δ
1172 2298 1175 2303 ,

139 2330 172 2406 ἐξ
196 2328 353 2414 ἑταιρείας
370 2298 544 2414 ίραστής”
523 2353 589 2412 αμα
608 2329 663 2393 καί
682 2326 856 2412 ἐρόμενος.
884 2317 1051 2396 ε’δόκει
1009 2355 1072 2395 ουυ
1088 2355 1145 2414 μοι

138 2420 293 2514 ολφεμευρι
316 2432 373 2510 τῆς
395 2420 483 2491 εὐθδ
507 2418 633 2489 6606'
613 2431 767 2512 απαντρῖν
788 2420 909 2506 αὐτοις,
929 2423 1019 2502 ὅπως
1040 2427 1144 2512 όαστα

137 2516 224 2606 ὁμου
211 2526 428 2607 γενοίμεθα.
452 2522 695 2605 δεδακρυμένος
707 2517 771 2589 δὲο
781 2528 946 2606 Κλεινίας,
957 2522 1144 2606 Σώκρατες,

91 2661 94 2665 «
138 2620 212 2705 ἔφη,
224 2625 290 2687 νῦν
300 2616 318 2686 6
329 2618 445 2703 καιρὸς
456 2620 662 2698 ἐνδείξασθαι
675 2617 737 2704 τὴν
749 2616 799 2687 ιἰελ
814 2621 1052 2706 θρυλουμένην
1063 2619 1145 2703 πρὸς

138 2724 202 2783 σοῦ
224 2722 363 2807 σοφίαν·
388 2713 407 2784 6
428 2712 493 2802 μὰρ
514 2711 623 2802 πατὴρ
642 2719 679 2782 ἔκ
697 2742 786 2795 τινος
808 2713 952 2801 ὦρακίας
974 2720 1144 2836 αἰφνιδίου

137 2812 312 2894 ἀδυνάτως
323 2818 387 2900 ἔχει
398 2812 587 2904 καὶπρὸς
556 2839 601 2880 τω
589 2816 699 2883 τέλει
715 2840 776 2882 του
760 2821 828 2901 βί
828 2840 869 2881 ου
885 2811 1019 2901 ἐστίυ,’
1000 2819 1144 2900 ανιαρῶς

137 2929 172 2979 τε
194 2915 288 2999 φέρει
310 2911 373 3010 τὴν
392 2911 559 2999 τελευτήν,
583 2919 689 2980 καίτοι
710 2937 748 2997 γε
768 2910 828 2979 τδν
850 2912 1002 2998 πρόσθεν
1021 2912 1144 2998 χρόνον

138 3001 366 3095 διαχλευόζων
381 3007 460 3088 τοὺς
488 3010 816 3097 μορμολυττομὲυους
837 3009 896 3076 τόν
918 3007 1069 3077 θάνατον
1090 3011 1145 3078 καὶ

104 3121 121 3169 0
139 3106 273 3192 [πράως]
286 3105 550 3188 ἐπιτωθάξωυῧ
531 3106 732 3193 αφικόμενος
748 3099 813 3174 οὖν
829 3107 1065 3194 παρημόρησον
1083 3103 1145 3173 αὖ·

138 3198 198 3267 τὸν
211 3199 254 3282 ὡς
268 3203 437 3289 είωθας,“
417 3227 507 3284 οπως
524 3202 697 3272 ἀστενακτὶ
713 3202 795 3282 ἐς
762 3231 799 3272 το
819 3200 927 3291 χρεων
946 3212 990 3292 λῃ,
1013 3208 1072 3272 καί
1089 3228 1145 3288 μοι

126 3297 197 3359 συν
207 3315 276 3376 τοῖς
284 3307 442 3381 λοιποίς”
427 3330 484 3371 ινα
493 3305 549 3372 καλ
564 3309 663 3370 τοῦτο
682 3300 861 3389 εὐσεβηθί.
880 3299 964 3370 ”Αλλ
985 3300 1047 3370 οὐκ
1062 3299 1145 3369 ἄτυ-

144 3386 222 3464 ‘5⁸²⁶'
229 3420 315 3481 μου,
337 3427 367 3468 ω
359 3393 541 3491 Κλεινία,
562 3398 706 3524 οὐδενὸς
721 3428 791 3471 των
809 3406 948 3490 μετρίων
969 3401 1025 3466 κοιλ
1042 3407 1146 3464 ταῦτα
