2422 3758
450 105 682 221 Λσεοιοοει
1012 112 1077 187 m

70 268 216 355 ἔνθουν
233 269 297 354 ιθ
313 258 398 352 διν
412 268 614 354 κακόσιτον
630 276 733 356 σοντι
748 269 904 357 βρύουσι,
921 277 1023 360 τηρεε
1039 279 1077 345 οε

69 365 198 436 όδάτων
203 372 368 451 καθαρῶν
379 367 503 451 ῥέουσι,
512 368 705 434 παντοίοιδδ
710 375 867 454 λειμῶνες
872 368 1075 441 άνθεσιποι-

68 473 165 546 ιιίλοις
183 463 398 551 ἐαριζόμενοι,
420 466 587 550 διατριβαί
604 463 640 532 δδ
656 464 856 552 φιλοσόφων
872 469 928 537 καί
947 473 1075 554 θέατρα

53 568 211 650 ’ποιητῶν
221 563 278 630 καί
288 561 420 631 κύκλιοι
430 563 523 648 γυροί
533 564 588 629 καί
603 561 747 647 μουσικά
764 559 970 653 άκούσματα,
988 587 1075 654 συμ-
1093 584 1115 634 1)

67 663 163 732 πόσιά
175 686 212 729 τε
223 656 345 747 εύμελῆ
354 664 410 730 καὶ
421 666 586 730 εἰλαπίναι
597 659 866 750 αύτοχορήγητοι,
879 669 934 735 καί
944 665 1075 754 ἀκήρα-

65 788 113 842 τος
123 760 254 829 άλυπία
260 760 316 828 καί
326 756 420 846 ἡδεῖα
428 764 550 827 δίαιτα·
564 757 642 827 οὔτε
651 757 717 843 γάρ
728 774 823 847 χεῖμα
832 761 986 847 σφοδρόν
996 764 1075 834 οὔτε

64 858 193 936 θάλπος
214 857 410 941 ἐγγίγνεται,
433 852 510 924 ἀλλ’
537 853 697 940 εὔκρατος
722 855 787 943 άὴρ
808 871 911 942 χεῖται
933 857 1074 941 άπαλαῑς

62 953 155 1041 ἡλίου
165 950 298 1022 άκτλσιν
309 950 585 1040 άνοικιρνάμενος.
604 957 756 1021 ἐνταῦθα
765 969 835 1033 τοῖς
850 959 1072 1042 μεμνημένοις

62 1057 128 1129 ἐστί
139 1078 190 1131 τις
201 1053 375 1136 προεδρία·
394 1055 449 1120 καί
467 1051 525 1131 τὰς
540 1050 653 1130 ὁσίους
671 1048 977 1136 άγιστείαςνύκεῑσε
989 1074 1073 1122 συν-

10 1170 12 1219 ἱ
61 1158 202 1220 τελοῦσι.
217 1155 293 1227 πῶς
313 1141 377 1215 ούν
393 1145 435 1216 ού
454 1152 507 1217 σοί
523 1148 643 1239 πράτςο
660 1153 789 1235 μέτεστι
804 1155 863 1235 τῆς
879 1158 983 1236 τιμῆς,
1000 1150 1072 1219 ὄντι

61 1247 204 1335 γεννήσῃ
215 1253 284 1315 τῶν
294 1254 404 1328 θεῶνς
427 1249 482 1314 καλ
491 1247 570 1326 τούς
581 1244 825 1333 περδἩρακλία
835 1274 870 1316 τε
880 1250 936 1316 καί
946 1250 1068 1316 Διόυυ·
1088 1271 1107 1321 Ε

62 1366 121 1414 σον
137 1343 313 1422 κατιόντας
328 1349 375 1422 είς
388 1341 504 1412 ’Ἅιδου
514 1344 679 1432 πρότερον
690 1342 788 1429 λόγος
803 1344 927 1413 ἐνθάδε
937 1352 1074 1432 μυηθῆ-

62 1471 127 1528 ναι,
138 1444 195 1511 καί
205 1439 244 1509 τό
257 1441 387 1525 θάρσος
400 1449 459 1528 τῆς
475 1443 580 1510 ίκεῖσε
596 1448 731 1527 πορείας
749 1441 839 1526 παρά
855 1449 914 1529 τῆς
925 1440 1072 1512 Ἐλευσι-

62 1546 134 1618 νίας
156 1538 374 1608 ἐναύσασθαι.
398 1539 489 1628 ὅσοις
510 1540 546 1608 δὲ
566 1536 608 1607 τό·
626 1545 686 1626 ζῇν
708 1541 763 1607 διά
784 1542 1072 1627 κακουργημάτων

60 1637 186 1726 ἠλάθη,
202 1637 339 1724 άγονται
355 1636 438 1722 πρὸς
457 1637 618 1725 Ἐρινύων
637 1636 689 1705 ἐπ’
707 1642 821 1724 ἔρεβος
840 1639 896 1706 καὶ
915 1639 996 1723 χάος
1016 1638 1070 1707 διά

62 1735 238 1822 ταρτάρου,
250 1741 336 1804 ἔνθα
347 1743 454 1821 χῶρος
464 1731 597 1821 ἀσεβῶν
608 1738 662 1802 καί
668 1739 851 1802 Δαναίδων
861 1732 990 1820 ὑδρεῐαι
1001 1731 1069 1802 άτε·

63 1843 128 1914 λείς
137 1838 192 1904 καί
204 1835 380 1903 Ταντάλου
396 1839 491 1914 δίψος
501 1835 557 1902 καί
571 1839 697 1907 Τιτυοῦ,
706 1833 878 1919 σπλάγχνα
895 1836 951 1901 καί
962 1834 1071 1902 Σισύ-

64 1961 130 2020 φου
139 1939 257 2021 πέτρος
268 1932 444 2018 άνήυυτος,
464 1921 506 1998 οὗ
522 1929 562 1999 τά
580 1933 724 2017 τέρματα
740 1924 842 2011 αὖθις
859 1929 991 2018 ἄρχεται
1007 1929 1071 1999 πό·
1087 1949 1140 2004 372

65 2059 146 2102 νων·
168 2037 254 2101 ἔνθα
264 2032 367 2118 θηρσί
377 2030 653 2115 περιλιχμώμενοι
664 2030 720 2097 καί
730 2030 897 2116 λαμπάσιν
907 2031 1072 2117 ἐπιμόνως

65 2130 267 2216 πυρούμενοι
280 2135 416 2198 Ποινῶν
427 2130 483 2195 καί
494 2134 606 2194 πᾶσαν
617 2133 728 2196 αἰκίαν
739 2127 937 2213 αἰκιζόμενοι
954 2126 1071 2205 άίδίοις

66 2233 229 2316 τιμωρίαις
239 2227 424 2313 τρύχθυται.

145 2319 221 2393 xlv.
248 2333 359 2393 Ταῦτα
377 2328 439 2410 μὲν
455 2323 519 2411 ἐγῶ
531 2323 661 2410 ἥκουσα
673 2323 761 2405 παρά
777 2321 953 2408 Γωβρύου,
974 2319 1017 2389 σύ
1034 2320 1068 2389 δ’

67 2419 457 2515 άυδμικρίυειας,’Ἁξίοχε.
471 2419 703 2511 ἑγῶγδιρλόγρι
714 2418 963 2505 ἀνθελκόμενος
972 2429 1070 2488 τοῦτο

63 2521 168 2612 μόνον
183 2523 332 2607 ἐμπέδως
350 2518 434 2605 οἶδα,
453 2517 505 2600 ότι
517 2517 605 2605 ψυχὴ
618 2517 728 2587 ἅπασα
745 2517 925 2604 ἀθάνατος,
944 2515 965 2604 ἡ
982 2518 1019 2587 δὲ
1035 2521 1071 2587 ἐκ

56 2623 160 2687 τοῦδε
170 2625 232 2686 τοῦ
242 2623 366 2704 χωρίου
377 2627 619 2702 μετασταθεῖσα
630 2620 686 2685 καί
696 2617 839 2695 άλυπος·
854 2615 937 2683 ὥστε
947 2612 969 2701 ἢ
981 2617 1071 2682 κάτω

67 2711 163 2802 ἦάνω
175 2715 386 2802 εὐδαιμονεῖν
396 2733 433 2781 σε
444 2711 644 2800 δεῖ,Ἇξίοχε,
655 2715 840 2802 βεβιωκότα
852 2711 1006 2798 εὐσεβῶς.
1085 2751 1094 2768 ·

144 2818 212 2892 Aa.
233 2813 446 2900 Αίσχύνομαί
458 2817 514 2878 σοί
526 2837 558 2877 τι
575 2817 688 2894 εἰπεῖν,
703 2803 730 2877 ά
736 2810 931 2892 Σώκρατες·
945 2815 1066 2876 τοσοῦ·
1085 2830 1104 2879 Β

68 2938 120 2980 τον
132 2912 198 3000 γάρ
217 2911 348 2981 άποδίω
367 2919 429 2978 τού
451 2912 635 2977 δεδοικέναι
653 2906 714 2975 τόν
727 2908 890 2991 θάνατον,
904 2904 989 2974 ῶστε
1004 2905 1068 2993 ἤδη

68 3013 116 3079 καί
126 3017 232 3097 ἔρωτα
244 3009 350 3077 αὐτοῦ
366 3015 462 3095 ἔχειν.
486 3003 574 3074 οὕτω
583 3032 624 3093 με
636 3008 690 3073 καί
702 2995 800 3084 οὗτος
811 3001 829 3072 ό
839 3003 947 3092 λόγος,
960 3003 1004 3083 ὡς
1013 3007 1070 3073 καί

69 3104 260 3196 όούράνιος,
272 3112 417 3192 πέπεικε,
428 3104 562 3193 καλῆδή
571 3111 764 3191 περιφρονῶ
781 3109 843 3170 τού
861 3107 930 3191 ζῇν,
948 3101 1005 3170 ἅτε
1024 3107 1070 3180 είς

69 3201 185 3292 άμείνω
196 3207 291 3276 οἷκον
302 3205 594 3294 μεταστησάμενος.
615 3205 693 3271 νυνδ
709 3199 745 3268 oz
759 3199 864 3287 ἠρέμα
875 3198 948 3268 κατ’
967 3203 1070 3284 ἐμαυ-
