2408 3764
137 171 203 254 τις
553 189 746 249 ΣΧοΛιΑ
791 210 796 217 ·
1094 196 1147 251 ιον

138 352 177 419 σῦ
193 347 298 435 μδν’
263 378 321 418 ουκ
338 345 440 457 ἆληθῆ
455 353 547 433 λέγεις
557 376 650 415 ταυτα
653 352 768 453 λέγων,
785 351 891 414 ἐκεῖνοι
901 351 933 414 δὲ
943 343 1147 415 ῦδυνατοῦσιν

139 440 266 522 ἐλέγχειν
284 457 324 500 σε.
347 429 410 499 ἄλλ’
429 436 536 538 ἕκεῖγοι
552 429 659 516 μὲν
622 462 664 517 μη
681 441 840 516 τολμῶντες
856 428 929 518 πρὸς
939 453 971 498 σε
961 427 1146 535 οἶγτιλὲγειν

139 529 303 586 σιωπῶσιν
327 514 403 583 αῦτα
390 512 493 584 δὲ
462 546 499 584 τα
514 517 674 602 πράγματα
684 520 814 604 ἐναργῶς
825 512 1007 601 φαίνεται
970 544 1011 599 μη
1022 538 1146 599 συμφω-

137 632 248 672 υουντα
258 630 318 680 τοις
328 628 389 668 υπο
399 611 453 668 σου
464 605 639 686 λεγομένοις
647 612 691 667 R.

222 691 466 808 Ιλῦλλοκῦτους]
484 704 727 786 ἐξηλλαγμένως,
745 703 845 766 ίναυτί
844 706 938 783 ους,ξ
922 703 1032 781 ξίνους,
1049 710 1145 784 πλημ-

137 783 418 893 μελτῖς,ῦλλοφυει“ς.
439 796 472 852 R.

180 887 233 942 488
245 883 280 936 Α
303 867 452 949 εἰκάζω
423 897 456 935 το
467 867 569 953 ὁμοιῶ,
588 865 677 935 καί
649 895 682 934 το
693 873 787 934 είκονί
786 865 864 948 ξω
835 896 867 934 το
879 865 951 934 αῦτο
939 865 1056 976 δηλοῖ.
1073 841 1145 954 χρῆ·

136 986 184 1024 ται
196 959 229 1022 δὲ
224 983 295 1105 055
261 952 395 1034 *Nega
376 982 392 1021 ο
404 981 434 1019 τε
444 958 587 1036 Ξενοφῶν
598 951 673 1019 καί
660 979 677 1020 ο
681 948 902 1059 Ἀριστοφάνης
913 957 964 1018 καί
976 953 1124 1019 ἄλλονῆ.

224 1038 359 1105 5552
369 1045 492 1143 μᾶλλον]
504 1031 689 1145 πείθωσιν,’
671 1036 733 1104 απῦ
743 1042 857 1143 κοινρῦ.
878 1047 912 1102 R.

222 1133 253 1189 C.
275 1120 517 1234 μανδραγόρα]
500 1118 668 1234 υπγατικδς
690 1118 706 1187 5
727 1119 841 1208 καρπὸς
862 1127 949 1189 τοῦδε
968 1130 1021 1187 τοῦ
1039 1130 1144 1203 φυτοῦ.

139 1207 327 1311 Θεόφραστος
341 1210 373 1273 δὲ
389 1211 474 1272 ἐν
426 1234 474 1312 τη
490 1209 557 1290 περὶ
573 1213 677 1288 φυτῶν
691 1202 921 1312 πραγματεία
889 1233 945 1288 την
962 1211 1046 1312 ῥίζαν
1059 1211 1146 1272 τοῦδε

136 1291 300 1374 ξυσθεῖσοίυ
311 1318 341 1358 τε
352 1295 403 1357 καί
414 1271 474 1370 555
485 1296 645 1356 δευθεῖσαν
654 1289 729 1376 πρός
737 1317 768 1356 τε
777 1318 815 1357 τα
803 1287 994 1396 ποδαγρικὰ
1003 1293 1056 1356 καὶ
1070 1286 1145 1394 πρὸς

135 1377 233 1442 ῦπυον
249 1384 361 1458 μᾶλλον
378 1375 454 1440 είναι
470 1379 614 1461 χρησίμην
630 1380 714 1460 φησί,
728 1379 779 1440 καί
790 1372 828 1458 55
838 1369 912 1461 πρδς
922 1382 1039 1461 φίλτρα.
1064 1373 1144 1439 διδό-

137 1461 403 1547 ασινδὲὲυοίνφη
390 1456 484 1538 ὄξει
506 1469 538 1523 R.

222 1565 254 1621 E.
279 1553 451 1641 ἀδολέσχην]
463 1556 657 1662 μμκρολόγον,
670 1557 813 1662 φλῦαρον.
831 1567 865 1622 R

220 1649 315 1710 4890
307 1639 607 1749 κομφευσοίμευρς]
605 1639 908 1789 παυουργευσῦμενος.
937 1640 1144 1746 κομψευσάμε-

137 1752 191 1791 νον
202 1721 254 1790 τὸν
266 1724 426 1876 Ελῦβουλον
436 1749 538 1810 φησιν,
549 1753 582 1804 ος
592 1724 651 1792 ῦπο
640 1722 841 1831 Σωκράτους
851 1726 1023 1829 ἐρωτηθεὶς·
1046 1754 1070 1829 φ
1057 1717 1145 1790 Εῦ-

136 1817 233 1916 βουλε,
244 1813 361 1915 σοφος
361 1814 458 1888 λεις
468 1807 739 1894 εἶναιηπλουσιος
749 1812 822 1914 ἔφη
832 1805 988 1884 πλοῦσιος·
1007 1836 1076 1886 τους
1088 1836 1146 1913 γαρ

136 1893 248 2000 σοφοὺς
262 1891 337 1998 δρᾷυ
348 1898 395 1961 ἐπὶ
404 1905 468 1972 ταῖς
484 1903 544 1960 τῶν
553 1899 704 1960 πλουσίαν
714 1892 825 1979 θύραις
836 1889 1050 1998 καθεύδοντας.
1073 1889 1146 1982 πρὸς

136 2004 215 2043 οτον
226 1977 373 2085 Σωκρατη
383 2006 464 2045 πανυ
476 1975 627 2084 αγχίυως
613 1981 720 2044 είπειν
742 1984 774 2044 οί
761 1923 835 2061 μδυ
846 1980 943 2060 σοφοί
963 1966 1144 2082 ῶΕῦβουλε,

137 2067 236 2127 ἴσασιν
248 2055 291 2128 ῶν
302 2066 487 2146 δὲονται,”
450 2092 502 2148 της
513 2058 586 2151 πρὸς
595 2059 652 2168 τὴν
661 2070 721 2129 τῶν
733 2057 905 2147 ἀναγκαίων
917 2059 1063 2173 χρείαν
1027 2089 1087 2169 γαρ
1098 2088 1149 2210 χοὶ

137 2138 282 2251 ρηγίας,
263 2175 297 2230 ης
308 2153 339 2213 οί
345 2148 527 2232 πλουσιοι,
514 2146 718 2253 είβρῦλοιντο,
732 2152 869 2253 χορηγοί·
889 2145 974 2210 αῦτοί
963 2138 1061 2211 ἰδ’
1024 2150 1149 2212 ουτοιοί

135 2230 273 2297 πλοῦσιοι
291 2227 347 2296 οῦκ
363 2238 475 2299 ἴσασιν·
497 2241 550 2318 τῆς
565 2227 812 2379 ῦυθροιπίνης
776 2259 834 2316 γαρ
852 2229 970 2342 δρετῆς,
989 2226 1009 2314 5
1003 2226 1130 2295 *⁰55
1094 2257 1145 2313 της

137 2319 329 2395 διδασκαλίας
344 2325 404 2383 τῶν
421 2326 568 2405 σοφῶν
537 2345 579 2382 τω
568 2317 756 2402 ”έβουλομ
725 2340 768 2378 υω
779 2317 868 2379 παντὶ
880 2319 956 2379 οἴατ
954 2311 1037 2380 ’ἐστὶ
1047 2339 1144 2400 παρα-

136 2403 284 2483 γίνεσθαι.
305 2410 339 2466 R.

221 2508 317 2565 49οΕ.
337 2502 449 2601 πολλμί,
468 2500 576 2598 φησίν,
587 2490 747 2602 ἀρξάμενοι
758 2504 934 2599 φιλοσοφεῖν
946 2499 1079 2601 εγίυοντο
1089 2522 1143 2562 πο

137 2578 310 2687 νηρότατοι
328 2609 420 2684 μικρμ
409 2579 470 2644 δέ
486 2604 534 2655 τις
540 2573 639 2682 αῦτῶν
649 2587 738 2665 μοῖρα
754 2606 804 2644 και
795 2574 957 2666 ὀλίγιστοι
960 2579 1145 2688 ἐκφεύγουσι

136 2661 192 2766 τὴν
209 2662 333 2752 φθορὰν
349 2661 474 2745 ταύτην,
501 2655 602 2728 ταδ’
568 2688 604 2727 ου
620 2669 775 2748 γίγνονται
792 2670 933 2751 πονηροί,
957 2663 1096 2750 ἄχρηστοι
1113 2666 1146 2730 δὲ

136 2744 223 2831 ὅμως.
246 2759 279 2818 R

222 2859 253 2914 E.
275 2873 308 2912 το
297 2842 401 2927 ἑξῆς·
423 2848 475 2911 καὶ
485 2842 567 2951 μετὰ
567 2855 653 2915 τοῦτο
662 2839 704 2915 αῦ
717 2844 771 2928 τῦς
781 2857 841 2915 τῶν
850 2857 958 2933 ψυχῶν
967 2847 1081 2931 φύσεις,
1093 2846 1146 2927 τὰς

137 2928 217 3009 είς
189 2958 221 2997 το
231 2939 291 3032 τῆς
294 2934 471 3036 φιλοσοφίας
482 2927 659 3036 ἐπιτήδογμα
671 2935 890 3037 καθισταμένας
901 2935 952 2999 καί
962 2935 1145 3037 μιμογμένας

124 3010 190 3097 ²553
201 3023 262 3080 τῶν
258 3008 401 3163 ἕᾶγαθῶν
412 3010 533 3121 ἀνδρῶν
543 3015 687 3122 πράξεις,
684 3023 733 3084 δεῖ
738 3015 921 3101 θεάσασθαι,
933 3006 1042 3082 οἷαι
1004 3036 1093 3081 ουσαι
1104 3021 1145 3094 είς

137 3100 273 3201 μεῖζρνὲ
272 3105 370 3163 αυτῶν
391 3097 611 3184 ίπιτήδευμα’
593 3100 789 3186 αφικόμιναι,
809 3107 1028 3187 πλημμελοῦσαι
1045 3101 1145 3185 ψόγον

138 3209 215 3249 κατα
225 3209 277 3265 της
286 3189 464 3268 φιλοσοφίας
474 3192 645 3272 προσηψαυ
667 3196 701 3252 R

126 3370 293 3450 &a
222 3294 323 3352 4935.
342 3276 434 3364 οῦτοι]
453 3290 484 3351 οί
498 3290 684 3371 δημαγωγοί,
702 3312 754 3365 ους
762 3307 904 3369 σοφιστας
914 3281 1098 3368 μεγίστους
1077 3309 1145 3368 αρτι

195 3392 236 3431 ιν.

71 3490 141 3544 Ι.
