2408 3764
86 170 170 207 xxxvr
500 155 737 209 Pnnurarto.

85 284 247 372 yvopdoooq
270 293 410 356 eademque
427 306 505 343 asma
523 299 563 343 est
576 306 603 358 p.
621 292 670 343 111
696 292 717 342 B
742 292 866 345 librorum
882 293 999 347 leotionis
1017 290 1159 365 φρονήσει

84 377 132 428 pro
151 373 304 426 οοφρηστι.
325 377 402 425 quam
425 369 498 412 route
519 376 599 427 nuper
613 361 728 412 defendit
741 361 899 413 Sohmidtins
921 364 948 415 in
964 363 1056 421 Phiiol.
1073 366 1102 420 Τ.
1122 370 1157 423 V.

88 447 115 498 p.
135 430 187 482 718
206 445 261 494 sqq.
285 431 349 482 ibid
370 430 423 496 leg.
442 421 558 494 οἰκητὰς
572 445 620 496 pro
638 423 764 495 ολιιητοιτ.
782 457 819 469 -
837 432 939 484 Thesei.
956 448 983 499 p.
996 433 1047 486 146
1063 434 1085 484 D
1104 436 1159 487 dis-

80 500 191 566 junctim
207 501 285 550 soribi
300 499 387 551 malim
412 494 489 560 τιοῖρς
513 495 544 547 τί
559 494 645 549 τοῦτο
663 492 767 564 λὲγιιρς
792 501 903 567 itemque
921 499 1000 568 Soph.
1017 518 1045 569 p.
1065 504 1117 555 261
1136 506 1159 557 11

84 577 109 620 et
129 569 204 620 Polit.
221 583 249 634 p.
269 567 320 620 297
340 568 372 628 C;
397 568 430 619 ol.
448 569 482 619 ed
496 567 574 633 Hipp.
593 569 655 633 maj.
675 569 727 621 297
744 569 780 633 Ε,
802 571 846 620 nbi
862 586 910 637 prn
926 571 993 622 Tim.
1013 588 1037 623 o.
1054 574 1071 624 5
1090 581 1155 629 extr.

83 638 220 704 legendnm
235 645 274 689 est
292 639 357 689 Tim.
376 654 399 689 o.
416 637 433 689 3
451 644 500 687 ete.
526 661 562 675 —-
585 638 614 693 P.
634 636 686 689 164
703 637 728 690 Α
744 654 796 689 non
816 641 965 707 repugnabo
984 641 1078 704 siquis
1097 632 1159 712 ὀρῷ

83 722 160 771 quam
184 698 263 773 ὁροίῃ
291 707 421 766 maluerit,
452 706 667 769 quemadmodum
691 708 726 759 ad
749 706 849 759 Cherm.
876 724 902 774 p.
927 708 977 761 178
1002 710 1023 761 Β
1047 714 1156 763 eandem

84 778 214 843 optionem
231 775 339 840 reliqui;
355 776 389 827 oi.
408 774 557 853 Sehpeider.
578 777 757 842 adRempubl.
774 777 796 828 1.
812 793 840 844 p.
851 776 914 838 367,
933 779 979 842 qui
996 787 1082 831 tamen
1098 784 1157 847 ipse

81 861 150 898 nuno
167 845 232 913 Leg.
251 860 278 911 p.
299 847 351 897 774
369 845 391 895 l)
409 841 488 914 δρῳη
511 845 622 897 retinnit.
646 875 683 887 -
710 844 789 912 Soph.
835 844 952 899 .th
975 836 1155 901 ἀκολουθίαν

81 917 194 967 tuebitur
210 916 288 966 etiam
302 914 376 967 Philo
385 913 455 979 Opil.
474 913 564 964 mnndi
582 914 602 965 1.
620 916 650 965 7:
667 906 747 976 τάξις
764 906 797 965 dl
811 861 974 967 Ξαολοοθία
990 913 1040 967 καὶ
1058 911 1155 985 εἷρμός

82 975 140 1037 ἔστι
158 974 381 1050 προηγουμένων
397 979 486 1034 τινῶν
504 976 554 1031 eorl
574 971 777 1048 inopinum-
792 986 821 1040 P.
836 985 888 1038 238
905 987 926 1036 ii
941 994 966 1037 et
980 986 1062 1039 2438
1079 1004 1154 1055 prae-

81 1055 157 1105 stabit
175 1050 420 1112 lenesmontem,
437 1052 506 1116 quod
524 1052 602 1103 etiarn
616 1055 680 1119 Rep.
701 1055 722 1105 I.
741 1069 767 1120 p.
785 1053 838 1107 347
855 1055 879 1105 Α
895 1056 1005 1121 primam
1022 1056 1080 1108 Per.
1100 1074 1153 1109 ma-

81 1139 143 1174 num
160 1124 295 1189 seripsisse
311 1137 379 1173 nune
396 1122 527 1172 inventurn
544 1130 598 1181 τοις
624 1122 691 1174 adde
716 1121 901 1175 Schneidewin.
932 1125 966 1177 ed
987 1124 1067 1193 Soph.
1091 1126 1152 1179 Oed.

81 1195 191 1260 Tyrann.
210 1209 237 1242 v.
255 1191 316 1244 628.
342 1216 378 1229 ··-
401 1190 431 1241 P.
450 1189 503 1242 258
521 1188 621 1254 anae
637 1191 795 1249 Boeekbium
812 1194 893 1242 secuti
910 1194 1021 1245 editores
1038 1199 1152 1247 certatim

80 1251 289 1325 inseruerunrpr}
307 1252 412 1324 μέγαοι
424 1249 583 1335 prisneio,
598 1276 754 1325 quamquam
769 1260 888 1313 exoidere
905 1275 952 1325 per
966 1262 1153 1317 homoeoteleu-

80 1339 124 1382 ton
139 1330 262 1381 iaoillime
275 1336 425 1394 potuerunt,
443 1337 528 1379 tamen
541 1328 612 1380 hund
621 1333 675 1381 seio
688 1345 721 1381 an
738 1326 848 1395 intelligi
856 1330 944 1395 potius
953 1330 1025 1382 Plato
1036 1334 1154 1394 voluerit,

80 1410 108 1451 ut
119 1399 215 1452 Phaed.
231 1413 259 1463 p.
279 1397 314 1449 98
331 1399 354 1449 Α
370 1386 391 1449 οἳ
408 1397 489 1447 ποιεῖ
503 1405 562 1465 post
577 1400 682 1461 ποιεῖν,
700 1399 800 1453 Politio.
818 1414 846 1464 p.
864 1396 917 1449 276
931 1401 955 1447 Α
973 1402 1084 1462 prunedo
1104 1397 1155 1453 sal

79 1454 270 1533 κεραοφόροις
286 1474 345 1532 post
362 1457 492 1531 ἀμίκτοις
513 1481 544 1517 τε
561 1462 611 1517 καλ
630 1458 779 1534 ἆνερτὶτοιο
799 1475 847 1518 eto.
875 1492 911 1504 —
936 1466 1035 1517 Politie.
1056 1482 1082 1532 p.
1101 1470 1153 1522 273

79 1538 100 1587 D
116 1528 224 1586 πόντον
242 1551 288 1601 pro
306 1527 400 1586 τόπον
417 1537 582 1602 probabiliter
603 1538 764 1588 commendat
779 1536 841 1586 Alb.
860 1536 968 1587 Jehuius
986 1536 1012 1585 in
1027 1536 1153 1588 zeitschr.

79 1605 99 1660 i'.
117 1607 142 1657 d.
159 1604 314 1666 4111842,
336 1621 362 1671 p.
382 1606 443 1658 548.
468 1633 503 1651 -,
526 1606 555 1657 Ρ.
576 1604 627 1657 287
650 1594 796 1656 Οοὸνοον
814 1619 862 1670 pro
880 1593 986 1653 οὖνοῦν
1005 1594 1058 1669 χρὴ
1077 1602 1153 1675 δρςὶν

79 1676 143 1725 reite
158 1690 239 1740 nuper
258 1676 402 1726 emendavit
419 1675 487 1727 Hier.
503 1674 624 1726 Mirllerus
642 1676 749 1741 interpr.
768 1687 883 1740 german.
903 1673 932 1724 T.
950 1674 992 1723 111.
1025 1672 1153 1729 .719.-

78 1744 176 1795 Pbileb.
197 1759 223 1810 p.
243 1743 276 1796 31
295 1745 356 1795 Eei
373 1743 409 1796 34
425 1744 447 1794 Ι)
472 1744 523 1811 leg.
547 1741 635 1809 δῖψος
668 1760 697 1795 ro
712 1740 808 1807 δίψος.
826 1768 861 1779 -
877 1743 907 1795 Ρ.
926 1743 962 1794 46
976 1741 1100 1794 librorum
1116 1745 1153 1796 le·

79 1816 188 1864 ctionem
211 1805 303 1872 λύπας
320 1804 443 1879 ἡδοναῖς
463 1808 639 1880 ξομιερασθε
652 1826 703 1870 σας
722 1811 832 1863 lelioiter
849 1810 965 1862 defendit
983 1812 1152 1864 Hoffmannus

78 1884 105 1933 in
121 1882 198 1937 Jahn.
208 1883 306 1935 Archiv
316 1883 393 1945 1846,
411 1883 442 1934 Τ.
452 1882 508 1933 ΧΗ.
528 1897 556 1948 p.
568 1880 631 1942 38&
647 1897 729 1945 neque
747 1881 812 1931 adeo
829 1895 886 1931 eum
903 1881 961 1945 ipso
979 1883 1152 1933 necessarium

78 1952 185 2003 arbitror
199 1944 272 2019 πρὸς
289 1943 341 2012 τοὶς
359 1955 385 2002 in
404 1942 476 2017 πρὸς
493 1941 529 2001 τὰ
547 1952 656 2011 mutari,
675 1951 737 2013 qnia
753 1949 816 2007 τοῖς
842 1939 923 2007 ἐντὸς
938 1951 1026 2016 potins
1044 1939 1079 2001 rol
1098 1944 1151 2012 ἔξω

78 2023 234 2087 respondent
252 2030 276 2073 et
294 2023 328 2073 ad
345 2012 396 2078 adr
411 2021 487 2071 facile
503 2010 613 2084 ἡδονὰς
631 2020 774 2085 suppletur.
793 2047 828 2059 -
854 2017 932 2073 Conv.
951 2034 978 2085 p.
997 2019 1048 2070 172
1060 2020 1085 2071 Α
1103 2034 1152 2071 ττι-

79 2082 201 2157 ριμὲνειρ
219 2091 402 2142 Stallbaumins
420 2104 488 2140 nuno
505 2105 607 2153 quoque
629 2091 656 2139 in
671 2089 745 2139 tertia
762 2089 859 2156 dialogi
875 2088 987 2141 editione
1002 2090 1039 2139 ita
1056 2098 1150 2151 tuetur,

77 2168 141 2211 utet
154 2160 234 2212 libros
251 2174 339 2210 omnes
352 2166 452 2224 praeter
470 2159 623 2208 unuml'ior.
633 2172 754 2223 praesens
772 2159 892 2211 exhibere
909 2159 1076 2223 ejusdemque
1089 2160 1152 2211 alte·

77 2245 135 2279 rum
152 2229 297 2295 exemplum
314 2228 375 2294 Lys.
395 2243 423 2294 p.
435 2227 488 2279 203
504 2234 605 2278 exstare
621 2236 725 2293 arguam
747 2235 773 2279 at
785 2230 809 2278 si
823 2227 999 2281 Gaislordinm
1012 2231 1151 2293 sequimur,

79 2297 231 2349 oxoniensis
246 2313 262 2347 a
277 2297 402 2363 Stephani
419 2297 504 2348 futuro
520 2312 570 2347 non
591 2296 733 2362 discrepat,
750 2313 832 2362 neque
844 2297 926 2347 ullum
936 2298 1079 2369 praesentis
1091 2313 1150 2348 oum

79 2355 114 2417 οὗ
132 2381 179 2431 pro
198 2368 349 2431 imperativo
366 2368 448 2432 positi
469 2367 615 2432 exemplum
639 2374 734 2417 eertum
758 2374 803 2417 ant
820 2383 869 2433 ego
886 2370 947 2417 novi
965 2373 1010 2417 ant
1025 2366 1151 2419 Franiius

79 2437 111 2487 de
127 2436 216 2500 partie.
233 2442 336 2499 negant.
354 2451 381 2501 p.
402 2437 437 2487 24
454 2437 558 2486 novisse
572 2436 687 2495 videtum
708 2424 744 2485 οὖ
762 2426 952 2504 παραβάλλοις
971 2437 1038 2487 enim
1056 2437 1083 2485 in
1100 2436 1152 2504 Ly·

78 2505 135 2555 side
152 2503 192 2554 vei
209 2491 243 2553 ori
265 2497 353 2568 λέγεις
372 2504 504 2569 Aristoph.
520 2505 570 2555 Ar.
585 2505 654 2557 1212
668 2504 889 2571 reprehensionem
905 2507 993 2571 potins
1012 2507 1151 2566 continent,

78 2575 120 2624 oni
136 2587 204 2623 nuno
220 2573 292 2623 loeas
310 2587 361 2623 non
379 2579 426 2623 est.
462 2572 534 2623 Idem
549 2575 619 2636 quod
633 2589 659 2639 p.
673 2573 757 2628 2106
772 2563 827 2624 κᾶν
847 2576 986 2641 eliiptioum
1002 2591 1018 2624 a
1034 2574 1152 2627 Platonis

78 2657 195 2693 sermone
213 2641 364 2700 abhorrere,
380 2638 409 2707 p.'
430 2641 481 2693 211
497 2642 516 2691 G
532 2630 569 2692 dv
584 2651 643 2707 post
661 2635 714 2700 done
731 2644 797 2695 male
814 2646 939 2695 omissum
955 2659 1013 2695 esse
1032 2645 1154 2696 erimina.

76 2720 133 2778 tur,
151 2713 239 2763 neseio
255 2712 382 2775 quomodo
400 2710 495 2762 oblitus
510 2720 549 2761 est
567 2727 662 2769 eorum,
681 2727 746 2774 qnae
760 2714 817 2780 ipse
830 2714 864 2764 ed
878 2713 1023 2763 Phaedonis
1036 2727 1063 2778 p.
1081 2714 1116 2765 62
1131 2714 1167 2767 0-

77 2789 102 2831 et
118 2781 150 2832 71
169 2781 190 2831 Β
208 2783 352 2841 annotarim
372 2795 455 2843 neque
472 2794 500 2844 p.
522 2778 573 2831 218
591 2781 612 2830 D
633 2768 738 2830 ἑαυτοῦ
758 2781 872 2848 intelligo
896 2797 942 2830 our
964 2783 1049 2831 minus
1073 2783 1151 2835 liceat

76 2865 123 2916 pro
139 2851 260 2902 adverbio
281 2851 400 2915 usurpari
417 2864 494 2912 quam
511 2864 558 2916 pro
576 2849 703 2914 adJeetivo
720 2850 794 2917 Reip.
812 2866 838 2916 p.
856 2848 908 2900 433
925 2848 946 2899 Ε
962 2858 987 2899 et
1003 2864 1031 2934 p.
1043 2850 1095 2903 463
1112 2853 1148 2901 B:

66 2910 184 2977 ,οὐκοῦν
200 2910 321 2984 τὸνμὲν
340 2912 449 2969 οἰκεῖον
469 2908 507 2977 oie
526 2908 629 2969 ἑαυτοῦ
646 2915 753 2983 νομίζει
771 2931 800 2968 τι
819 2913 869 2967 καὶ
883 2910 969 2981 λέγει,
986 2932 1038 2970 τον
1052 2910 1084 2969 d’
1100 2908 1149 2971 oll-

76 2979 191 3052 λότριον
210 2979 250 3046 ode
267 2977 320 3054 οὐχ
339 2976 458 3049 duosam
478 2989 556 3041 immo
573 2980 709 3039 εἰωθέναι
722 2983 780 3038 ml
799 2988 857 3050 quis
870 3000 961 3052 graece
975 2989 1083 3051 dixerit,
1103 2991 1149 3041 do-

77 3059 131 3109 eeri
146 3057 236 3118 velim3
253 3072 313 3108 narn
327 3057 403 3124 Apol.
419 3072 447 3123 p.
465 3056 500 3109 40
516 3058 542 3109 Α
558 3070 607 3122 μοι
623 3059 718 3123 pendet
735 3057 767 3107 ab
784 3045 998 3121 ἔναντιοομένη.
1014 3085 1048 3095 -—
1066 3057 1149 3109 Phae·

77 3128 151 3177 drum
173 3129 265 3179 eodem
287 3126 342 3177 iere
360 3141 410 3191 qno
426 3142 474 3192 ego
495 3136 609 3194 tempore
632 3125 742 3177 Londini
759 3125 887 3175 reeensnit
912 3124 1017 3177 Garoias
1033 3127 1149 3179 Badham

77 3196 209 3260 eidemque
228 3197 261 3247 de
275 3195 415 3257 Theaeteti,
432 3195 546 3260 Philebi‚
563 3195 743 3261 Reipublicae,
760 3193 861 3260 Legum
875 3194 940 3245 loeis
956 3197 1043 3246 doetus
1061 3197 1149 3247 hario-

75 3266 183 3316 lationes
199 3267 346 3331 praemisit,
361 3274 470 3329 querunt
484 3265 580 3316 nnllam
598 3265 697 3330 sperni,
724 3262 825 3327 aliquas
842 3265 920 3315 etiem
938 3266 1017 3330 reoipi
1039 3265 1148 3330 posthae

75 3335 174 3400 lioebit3
197 3337 298 3401 inipso
316 3334 433 3387 Phaedro
450 3334 499 3385 hae
517 3348 564 3385 nos
580 3334 691 3383 maxime
709 3332 885 3383 advertemnt:
910 3334 936 3399 p.
957 3334 1009 3386 234
1026 3330 1100 3402 6τῷ
1115 3324 1147 3398 γ’

75 3392 152 3453 οὕτω
166 3419 217 3470 pro
235 3401 276 3475 τῷ
294 3394 385 3473 λόγῳ,
409 3419 435 3469 p.
455 3403 508 3454 246
522 3401 543 3453 6
559 3398 746 3467 λιλονίομεθα
762 3418 809 3468 pro
822 3396 1029 3467 λελογισμένον,
1048 3419 1076 3470 p.
1094 3402 1148 3455 248
