2408 3764
127 180 202 274 ⁸⁶4.
460 171 795 258 ωωιῐνοπιιιγ.

72 411 75 419 ,
143 340 369 469 ἀρολίγιστον
385 336 572 427 γένηται
536 365 575 407 το
591 337 762 427 ἀνάλωμα,
777 336 808 407 δ
815 339 849 409 δ’
864 336 908 408 ἀν
924 341 969 429 μὴ
982 341 1148 436 δάνωμαι,

75 455 128 510 36²
144 441 210 529 σὴν
221 439 381 534 εἶναιτὴν
391 441 556 526 δαπάνην.

232 541 278 609 Τὸ
294 525 336 628 δὴ
348 537 445 661 μετά
439 547 545 609 ταῦτα
555 542 641 625 λέγω
654 541 730 623 περὶ
742 544 810 607 τῶν
828 545 899 607 σω”ν
912 532 959 607 αά
969 542 1150 629 χρημάτων

128 692 131 697 -
144 647 213 710 τεάν
232 638 409 727 Ἀθήνησι
403 645 462 728 τῆς
472 636 713 726 ἀναλάσεως,“
693 663 745 706 οτι
757 644 892 727 πρωτον
902 638 965 726 μὲν
977 639 1037 708 ἐάν
1046 666 1080 709 τι
1089 645 1150 731 δέη

145 738 203 825 ἐμὲ
213 736 406 808 ἀναλίσκειν
417 744 464 818 είς
474 735 674 824 χορηγίαν”
651 763 673 823 η
691 763 723 805 τι
739 744 907 826 τοιοῦτον,
923 735 989 807 οάκ
1005 743 1150 810 ἐστι’-σοι

145 840 240 919 ξένος
250 835 362 919 οὐδεὶς
372 835 464 916 ὅστις
477 832 810 927 δάσει,ἀς·ᾦόμεδα,
827 838 900 904 ἐπεὶ
913 835 1029 905 κοδάν
1046 862 1078 906 τι
1094 843 1151 906 ’σοὶ

145 935 393 1028 αάτρΐδιαφέρη
404 937 498 1023 μέγα,
511 933 597 1003 ὥστε
608 932 789 1004 ἀναλωθὲν
799 936 861 1023 μὲν
871 935 937 1041 ἤδη
955 933 1087 1058 ὀνῆσαι,
1104 936 1149 1024 μὴ

139 1032 325 1113 ’ἀναλωθὲν
346 1034 393 1103 δὲ
404 1031 480 1102 ἀλλ’.
504 1036 738 1123 ἐγγρονισθέν,
754 1032 863 1116 ἔας’
839 1062 893 1103 αν
904 1060 968 1114 τις
975 1033 1066 1122 παρά
1086 1041 1151 1103 σοῦ

131 1138 241 1223 ἔλθη,
253 1136 390 1222 βλάψαι,
401 1133 527 1223 προς
494 1158 541 1201 τω
556 1141 688 1226 χαλεπῷ
704 1133 742 1202 τό
762 1136 920 1203 τοιοῦτόν
937 1141 993 1203 σοί
978 1138 1079 1203 ίίστι
1095 1139 1150 1203 καὶ

108 1246 135 1298 Β.
145 1260 167 1302 α
168 1233 294 1322 ίσχρόν.
316 1230 431 1352 ἐγώ
393 1257 456 1319 γαρ
468 1230 525 1319 δὴ
521 1234 627 1301 ταῦτά
637 1260 676 1320 γε
688 1233 841 1356 ἐξήτασα,
850 1258 918 1320 παρ
920 1230 1151 1352 ’Ἀνδρομήδη

145 1330 263 1401 τδνΑί
262 1329 403 1417 γινήτην
424 1329 584 1417 πέμψας”
576 1341 743 1420 Εραστον,
761 1330 841 1419 παρ’
865 1359 907 1401 ον
894 1325 1075 1410 ἐκέλευες
1089 1337 1151 1399 τοῦ

128 1426 311 1516 ,ὑμετέρου
329 1429 439 1515 ξένον,
457 1436 493 1496 εί
510 1454 542 1498 τι
559 1433 708 1518 δεοίμην,
726 1429 921 1518 λαμβάνειν,
933 1426 1152 1517 ’βουλόμενος

145 1529 202 1594 καλ
214 1524 299 1594 ἀλλα
309 1532 444 1613 μείζονα
455 1523 478 1594 ἀ
489 1529 681 1619 ἐπέστελλες
692 1533 843 1615 πέμπειν.
855 1527 874 1598 ὁ
886 1528 924 1598 δὲ
935 1525 1027 1597 εἶπεν
1039 1524 1152 1594 είκότα

128 1627 202 1694 καὶ
224 1623 440 1713 ἀνθρώπινα,
464 1623 517 1694 ότι
537 1629 593 1695 καί
610 1626 776 1715 πρότερον
787 1624 969 1707 ’ἀναλώσας
989 1630 1035 1717 τῷ
1052 1629 1155 1711 πατρί

147 1748 211 1794 σον
222 1723 318 1812 μόλις
328 1731 512 1813 κομίσαιτο,
523 1728 579 1794 καί
590 1734 656 1794 νῦν
667 1725 791 1817 σμικρά
802 1726 865 1815 μὲν
883 1733 957 1813 δοίη
976 1728 1152 1813 ἀν,·ιιλείω

147 1820 251 1891 δδοά.
274 1821 370 1892 ὀὕτω
392 1822 433 1909 δὴ
454 1820 543 1912 παρά
562 1831 731 1893 Λεπτίνου
752 1828 969 1914 ἔλαβον·τκαδ
989 1823 1091 1892 τοῦτό
1114 1848 1153 1908 γε

148 1920 243 2005 ἀξιον
257 1925 426 1991 ἐπαινέσαι
438 1927 617 2009 Λεπτίνην,
630 1919 694 2008 οάχ
704 1921 756 1990 ὅτι
766 1929 904 2011 ἔδωκεν,
915 1920 989 1991 ἀλλ’
1003 1920 1056 1990 ὅτι
1068 1945 1153 2006 προ-

115 2020 283 2108 σθόμως,
295 2022 352 2089 καὶ
362 2019 402 2089 τά
413 2018 497 2089 ἀλλα
507 2022 585 2109 περὶ
595 2020 632 2088 σὲ
646 2021 702 2088 καὶ
713 2022 821 2106 λέγων
838 2023 894 2090 καὶ
912 2018 1079 2108 πράττων,
1091 2016 1112 2087 δ’
1121 2045 1152 2086 τι

149 2115 220 2202 οἶός
237 2117 277 2189 τ’·
289 2112 333 2208 ἦν
348 2121 546 2207 ἐπιτήδειος,
569 2118 716 2207 φανερός
732 2111 801 2205 ἦν.
817 2118 879 2207 χρὴ
897 2119 967 2207 γάρΙ
979 2118 1021 2206 δὴ
1040 2121 1096 2187 καὶ
1112 2115 1153 2185 τά

147 2225 288 2289 τοιαῦτα
306 2220 370 2287 καὶ·
381 2216 542 2287 τάναντία
559 2219 690 2287 τούτων
709 2215 773 2304 ἐμὲ·
787 2219 1019 2303 ἀπαγγέλλειν,
1037 2213 1154 2295 ὁποῖός

149 2343 200 2396 τις
211 2314 254 2384 ἀν
266 2319 403 2398 ἕκαστος
415 2319 488 2405 ἐμοὶ
498 2324 657 2405 φαίνηται
669 2320 745 2404 περὶ
756 2319 803 2384 σί.
825 2315 863 2384 τὸ
877 2315 909 2384 δ’
924 2308 989 2385 οὖν
1000 2319 1076 2405 περὶ
1086 2321 1154 2383 τῶν

149 2414 328 2502 χρημάτων
339 2414 405 2502 ἐγώ
418 2434 472 2482 σοι
483 2415 767 2501 παρρησιάσομαι·
790 2418 921 2482 δίκαιον
932 2413 1007 2503 γάρ,
1020 2416 1075 2482 καί
1087 2412 1155 2500 ἅμα

149 2517 314 2600 ἐμπείρως
324 2516 410 2598 ἔχων
423 2519 493 2581 τοῖν
503 2516 594 2600 παρά
606 2514 659 2581 σοὶ
675 2509 805 2599 λέγοιμ’
824 2510 886 2580 ἀν.
896 2516 932 2581 οί
945 2516 1155 2601 προσαγγέλ-

132 2621 266 2692 -λοντες
277 2610 434 2681 ἑκάστοτέ
441 2632 507 2699 σοι,
520 2611 541 2680 ό
554 2638 586 2680 τι
597 2609 640 2680 ἀν
652 2620 789 2680 οἴωνται
807 2609 966 2702 ἀνάλωμα
983 2613 1154 2694 εἰσαγγέλ-

150 2719 235 2799 λειν,
242 2709 475 2782 οάκ-ίθέλονσι
485 2715 758 2801 προσαγγέλλειν,
767 2708 812 2793 ὥς
822 2711 864 2799 δὴ
873 2708 1152 2798 ἀπεχθησόμενοι·

110 2821 131 2873 D
151 2813 241 2892 ίδιξε
263 2804 328 2879 οάν
340 2808 476 2893 αὐτοάς
495 2813 552 2880 καὶ
569 2809 734 2898 ἀνάγκαζε
750 2811 891 2900 φράζειν
907 2811 1082 2875 καὶταῦτα
1098 2809 1154 2874 καὶ

150 2907 192 2977 τά
207 2906 307 2977 ἀλλα·
331 2911 368 2978 σδ
384 2909 449 2999 γάρ
468 2913 522 2979 δεί
538 2912 661 2980 εἰδέναι
675 2937 712 2978 τε
727 2910 769 2979 τά
786 2909 896 2978 πάντα
912 2904 997 2974 κατά
1008 2906 1155 2993 δύναμιν

151 3010 207 3075 καί
217 3004 335 3093 κριτὴν
347 3006 432 3076 είναι
444 3012 499 3077 καὶ
510 3007 555 3096 μὴ
567 3011 711 3097 φεύγειν
721 3010 759 3078 τὸ
779 3011 913 3076 εἰδέναι.
937 3006 1073 3074 πάντων
1090 3005 1153 3096 γάρ

130 3102 292 3189 ἀρεστόν
310 3123 365 3172 σοι
376 3108 467 3175 ἔσται
485 3108 570 3196 πρὸς
586 3107 789 3197 τὴνάρχήν·
812 3105 854 3175 τά
872 3104 937 3195 γάρ
955 3103 1155 3194 ἀναλώματα

151 3200 267 3289 ὀρθῶς
284 3200 531 3292 ἀναλισκόμενα
552 3209 608 3277 καὶ
629 3206 745 3294 ὀρθῶς
767 3205 996 3295 ἀποδιδόμενα
1018 3207 1102 3293 πρός
1118 3231 1154 3275 τε

150 3296 255 3371 τάλλα
265 3305 321 3371 καί
331 3302 415 3393 πρός
429 3303 537 3393 αὐτὴν
547 3306 610 3396 τὴν
621 3316 691 3377 τῶν
707 3308 885 3399 χρημάτων
902 3316 1020 3395 κτῆσιν
1036 3310 1093 3375 καὶ
1111 3304 1153 3373 σά

143 3401 191 3484 δά
200 3401 270 3491 φῄς
279 3403 417 3491 ἀγαθάν
435 3404 520 3477 εἶναι
533 3411 590 3478 καὶ
606 3409 735 3499 φάσεις.
758 3406 802 3498 μὴ
815 3400 880 3477 οάν
898 3425 936 3476 σε
952 3405 1154 3495 διαβαλλόν-
