2408 3764
135 192 177 257 14
480 196 746 257 ΕΠΙΣΤΟΛΗ
756 187 793 255 δ.

135 352 241 422 αὐτοῦ
252 354 486 440 μιμησάμενος,
499 357 535 421 ἐκ
545 380 605 422 του
592 354 804 434 ψεύδονςί
774 381 789 421 ε
803 382 819 433 ς
835 353 895 423 τὸν
906 354 1018 442 άληθῆ
1033 355 1138 442 λόγον

135 452 345 538 μεταστάσει.
385 467 389 472 “

457 656 458 660 ,
507 650 757 660 -———-——

615 850 655 912 A.

242 1029 391 1103 Πλάτων
418 1033 528 1099 Δίωνι
553 1031 763 1122 Συρακοσίῳ
791 1015 833 1101 εὖ
861 1034 1032 1124 πράττειν.

63 1254 115 1308 320
218 1236 317 1322 Οἶμαι
329 1234 391 1319 μὲν
405 1230 558 1320 φανεράν
573 1230 656 1301 ελναι
667 1231 720 1302 διὰ
732 1232 856 1314 παντὸς
866 1245 928 1303 τοῦ
936 1236 1062 1322 χρόνον
1076 1235 1135 1324 τὴν

131 1334 213 1420 ἐμὴν
224 1336 416 1419 προθυμίαν
426 1333 501 1412 περί
519 1330 577 1408 τάς
595 1337 839 1418 συμβεβηκυίας
855 1331 995 1421 πράξεις,
1013 1337 1068 1403 καὶ
1081 1333 1139 1411 ,ὅτι

132 1429 259 1515 πολλὴν
271 1427 359 1513 είχον
369 1430 445 1511 περὶ
457 1425 568 1496 αὐτῶν
580 1430 732 1516 σπουδὴν
741 1437 787 1508 είς
795 1428 832 1498 τὸ
849 1428 1142 1518 ξυμπερανδῆναι,’

132 1525 194 1597 οὐκ
206 1525 311 1594 ἄλλον
321 1522 410 1603 τινὸς
421 1525 517 1591 ἕνεκα
529 1534 655 1610 μᾶλλον
665 1522 688 1612 ἢ
699 1534 755 1613 τῆς
766 1530 818 1595 ἐπὶ
829 1543 896 1609 τοῖς
908 1540 1020 1610 καλοῖς
1035 1539 1135 1617 φιλο-

96 1629 114 1677 B
131 1632 252 1710 τιμίας·
276 1628 395 1709 νομίζω
406 1618 470 1708 γάρ
482 1626 611 1695 δίκαιον
628 1621 712 1692 είναι
725 1622 803 1703 τούς
821 1622 919 1706 ὄντας
936 1634 977 1715 τῇ
995 1624 1137 1718 ἀληθείᾳ

131 1726 280 1803 ἐπιεικεῖς
302 1725 357 1818 καί
381 1719 583 1806 πράττοντας
604 1729 740 1791 τοιαῦτα
761 1725 937 1810 τυγχάνειν
964 1725 1059 1812 δόξης
1080 1736 1136 1813 τῆς

132 1810 371 1909 προσηκούσης.
394 1818 433 1887 τά
447 1817 507 1906 μεν
518 1813 583 1888 οὖν
595 1827 640 1900 είς
658 1820 695 1888 τό
712 1821 832 1909 παρόν,
851 1821 916 1891 σὺν
933 1831 1004 1914 θεῷ
1021 1829 1135 1910 εἰπεῖν,

131 1925 195 2007 ἔχει
211 1927 330 2004 καλοῖς,
348 1917 388 1985 τά
406 1920 442 1984 δὲ
464 1921 538 2004 περὶ
559 1945 627 1986 ταν
638 1917 860 2004 μελλόντων“
846 1949 864 1989 ο
882 1919 1033 2006 μέγιστός
1047 1923 1136 1990 ε’στιν

131 2016 233 2104 άγοίν.
257 2013 404 2139 άγδρείηι
415 2013 538 2100 μὲν
498 2042 563 2101 γαρ
585 2019 640 2084 καὶ
660 2015 750 2102 τάχει
765 2018 819 2084 καλ
840 2016 934 2103 ῥώμη
954 2021 1136 2101 διενεγκεῖν

131 2110 290 2197 δόξειεν’”
268 2141 311 2181 αν
322 2115 376 2182 καὶ
388 2113 507 2198 ἑτέρων
519 2113 606 2182 είναί
619 2140 731 2198 τινων,
742 2112 884 2200 άληδείηι
895 2117 930 2180 δὲ
941 2115 996 2181 καὶ
1008 2116 1135 2179 δικαιο-

131 2215 219 2331 τύνη
227 2215 281 2282 καί
293 2219 555 2302 μεγαλοπρεπείᾳ
567 2216 621 2279 καὶ
631 2237 672 2329 ιη
660 2213 758 2294 περὶ
774 2210 882 2274 πάντα
899 2214 1004 2273 ταῦτα
1015 2203 1136 2291 εὐσχη-

95 2314 113 2363 0
132 2310 273 2398 μοσύνη,
286 2316 431 2396 ξυμφαίη
442 2337 489 2388 τις
499 2307 542 2377 άν
553 2335 632 2386 τους
643 2300 987 2424 άντιποιουμένουςτά
998 2311 1135 2370 τοιαῦτα

84 2485 87 2489 ,
129 2416 229 2494 τιμάν
241 2408 451 2484 είκότωςτοίν
462 2407 573 2474 ἄλλων
592 2406 771 2488 διαφέρειν.
794 2408 860 2468 νῦν
876 2426 940 2469 ουν
958 2404 1060 2496 δηλον
1072 2404 1135 2486 μέν

130 2501 256 2575 ἐστιν“
237 2530 254 2568 ο
272 2501 398 2587 λέγω,’
380 2502 643 2588 αναμιμνησκειν
655 2498 732 2567 δε’
713 2525 802 2585 ομως
826 2498 912 2568 δεί
888 2509 978 2588 ημάς
1000 2500 1134 2587 αὐτούς,

131 2601 182 2670 ὅτι
194 2600 352 2686 προσήκει
361 2602 464 2666 πλέον
474 2626 494 2685 η
482 2595 633 2666 ”παίδιον
645 2606 712 2666 τείν
727 2597 839 2668 άλλοιν
855 2597 1048 2687 άνδροίπων
1060 2604 1134 2668 δια-

130 2705 245 2788 φέρειν
256 2694 334 2777 τοὺς
346 2695 446 2765 οίσθα
458 2695 498 2782 δη
509 2721 584 2765 που.
607 2696 774 2784 φανεροὺς
791 2693 855 2767 οὖν
871 2705 924 2768 δεῖ
935 2695 1020 2786 ἡμᾶς
1037 2700 1133 2784 γενέ-

130 2812 222 2884 σθαι,
245 2797 295 2869 ὅτι
317 2800 423 2883 ἐσμὲν·
437 2804 582 2867 τοιοῦτοι
603 2794 728 2886 οἷοίπερ
748 2804 868 2886 φαμέν,
890 2798 999 2878 άλλως
1020 2824 1055 2865 τε
1077 2799 1133 2866 καί

129 2895 249 2984 ἐπειδή,
263 2895 327 2964 σὺν
337 2903 407 2984 θεῷ
422 2902 534 2983 εἰπεῖν,
550 2894 667 2987 ῥηίδιον
678 2904 777 2966 ἔσται.
789 2911 858 2976 τοῖς
868 2895 1008 2982 μὲνγὰρ
1019 2895 1134 2976 ἄλλοις

92 3000 113 3050 D
130 2991 531 3082 συμβέβηκενιίναγιιαίον
542 2993 626 3063 εἶναι
636 3003 848 3081 πλανηθῆναι
859 2992 967 3070 πολὺν
978 2995 1093 3078 τόπον,
1105 2999 1136 3060 εί

131 3097 287 3180 μέλλουσι
295 3100 506 3180 γνωσθῆναι·
517 3091 554 3161 τὸ
566 3093 601 3161 δὲ
613 3089 921 3177 νῦνὺπάρχονπερί
933 3093 969 3158 σὲ
979 3091 1134 3161 τοιοῦτόν

83 3273 86 3279 ¹
131 3195 230 3282 ἐστιν,
243 3189 325 3258 ὥστε
336 3189 415 3271 τούς
425 3197 458 3272 ἐξ
468 3189 598 3278 άπάσης
608 3199 666 3277 τῆς
679 3192 883 3274 οἰκουμένης,
902 3194 932 3255 ελ
947 3190 1001 3255 καὶ
1020 3214 1134 3255 νεανι-

131 3287 279 3376 κοίτερόν
295 3291 384 3358 ἐστιν
404 3295 516 3375 εἰπεῖν,
533 3294 578 3366 είς
595 3289 655 3355 ἕνα
672 3287 777 3354 τόπον
793 3282 1003 3372 άποβλέπειν,
1023 3289 1079 3353 καί
1097 3289 1134 3353 έν

78 3385 236 3540 ,τούτῳ
258 3385 398 3474 μάλιστα
414 3384 496 3471 πρὸς
515 3391 560 3453 σέ.
589 3383 633 3463 ὡς
649 3378 711 3453 οὖν
727 3380 792 3453 ὑπὸ
814 3383 950 3451 πάντων
966 3380 1135 3469 ὁρώμενος
