<?xml version="1.0" encoding="UTF-8"?>
<!DOCTYPE html PUBLIC "-//W3C//DTD XHTML 1.0 Transitional//EN"
    "http://www.w3.org/TR/xhtml1/DTD/xhtml1-transitional.dtd">
<html xmlns="http://www.w3.org/1999/xhtml" xml:lang="en" lang="en">
 <head>
  <title>
</title>
<meta http-equiv="Content-Type" content="text/html;charset=utf-8" />
  <meta name='ocr-system' content='tesseract 3.04.00' />
  <meta name='ocr-capabilities' content='ocr_page ocr_carea ocr_par ocr_line ocrx_word'/>
</head>
<body>
  <div class='ocr_page' id='page_1' title='image "./dialogisecundum04platgoog_0091.png"; bbox 0 0 2408 3764; ppageno 0'>
   <div class='ocr_carea' id='block_1_1' title="bbox 130 192 883 278">
    <p class='ocr_par' dir='ltr' id='par_1_1' title="bbox 130 192 883 278">
     <span class='ocr_line' id='line_1_1' title="bbox 130 192 883 278; baseline -0.005 -9"><span class='ocrx_word' id='word_1_1' title='bbox 130 202 176 269; x_wconf 74' lang='grc' dir='ltr'><strong><em>εε</em></strong></span> <span class='ocrx_word' id='word_1_2' title='bbox 479 206 741 265; x_wconf 65' lang='lat' dir='ltr'><strong><em>numm</em></strong></span> <span class='ocrx_word' id='word_1_3' title='bbox 761 195 792 278; x_wconf 66' lang='grc' dir='ltr'><strong><em>μ.</em></strong></span> <span class='ocrx_word' id='word_1_4' title='bbox 876 192 883 209; x_wconf 85' lang='grc'><em>·</em></span> 
     </span>
    </p>
   </div>
   <div class='ocr_carea' id='block_1_2' title="bbox 63 360 1195 3220">
    <p class='ocr_par' dir='ltr' id='par_1_2' title="bbox 63 360 1195 3220">
     <span class='ocr_line' id='line_1_2' title="bbox 132 360 1146 455; baseline 0.005 -21"><span class='ocrx_word' id='word_1_5' title='bbox 132 360 183 447; x_wconf 80' lang='grc' dir='ltr'><strong><em>οἷς</em></strong></span> <span class='ocrx_word' id='word_1_6' title='bbox 193 367 270 449; x_wconf 80' lang='grc' dir='ltr'><strong><em>περί</em></strong></span> <span class='ocrx_word' id='word_1_7' title='bbox 286 364 507 454; x_wconf 70' lang='grc' dir='ltr'><strong><em>Ἡρακλείδου</em></strong></span> <span class='ocrx_word' id='word_1_8' title='bbox 524 365 711 444; x_wconf 90' lang='grc' dir='ltr'><strong><em>Διονύσιος</em></strong></span> <span class='ocrx_word' id='word_1_9' title='bbox 728 363 895 452; x_wconf 76' lang='grc' dir='ltr'><strong><em>ὡμολόγει</em></strong></span> <span class='ocrx_word' id='word_1_10' title='bbox 911 366 996 455; x_wconf 81' lang='grc' dir='ltr'><strong><em>πρὸς</em></strong></span> <span class='ocrx_word' id='word_1_11' title='bbox 1012 368 1071 454; x_wconf 72' lang='grc' dir='ltr'><strong><em>ἐμὲ</em></strong></span> <span class='ocrx_word' id='word_1_12' title='bbox 1088 372 1146 439; x_wconf 79' lang='grc' dir='ltr'><strong><em>καί</em></strong></span> 
     </span>
     <span class='ocr_line' id='line_1_3' title="bbox 133 456 1145 554; baseline 0.004 -21"><span class='ocrx_word' id='word_1_13' title='bbox 133 469 187 548; x_wconf 71' lang='grc' dir='ltr'><strong><em>σές</em></strong></span> <span class='ocrx_word' id='word_1_14' title='bbox 210 456 281 546; x_wconf 74' lang='grc' dir='ltr'><strong><em>τοῖς</em></strong></span> <span class='ocrx_word' id='word_1_15' title='bbox 294 463 422 546; x_wconf 74' lang='grc' dir='ltr'><strong><em>δὲούκς</em></strong></span> <span class='ocrx_word' id='word_1_16' title='bbox 434 469 531 551; x_wconf 82' lang='grc' dir='ltr'><strong><em>ἔφην.</em></strong></span> <span class='ocrx_word' id='word_1_17' title='bbox 555 470 622 532; x_wconf 87' lang='grc' dir='ltr'><strong><em>νύν</em></strong></span> <span class='ocrx_word' id='word_1_18' title='bbox 637 469 766 551; x_wconf 87' lang='grc' dir='ltr'><strong><em>τοίνυν,</em></strong></span> <span class='ocrx_word' id='word_1_19' title='bbox 784 459 807 551; x_wconf 88' lang='grc' dir='ltr'><strong><em>ή</em></strong></span> <span class='ocrx_word' id='word_1_20' title='bbox 823 463 856 533; x_wconf 90' lang='grc' dir='ltr'><strong><em>δ’</em></strong></span> <span class='ocrx_word' id='word_1_21' title='bbox 873 463 922 551; x_wconf 81' lang='grc' dir='ltr'><strong><em>ὅς,</em></strong></span> <span class='ocrx_word' id='word_1_22' title='bbox 941 467 1145 554; x_wconf 75' lang='grc' dir='ltr'><strong><em>περιθέουσι</em></strong></span> 
     </span>
     <span class='ocr_line' id='line_1_4' title="bbox 134 557 1146 656; baseline 0.004 -25"><span class='ocrx_word' id='word_1_23' title='bbox 134 563 312 632; x_wconf 82' lang='grc' dir='ltr'><strong><em>πελτασταὶ</em></strong></span> <span class='ocrx_word' id='word_1_24' title='bbox 326 570 443 651; x_wconf 78' lang='grc' dir='ltr'><em>λαβεῖν</em></span> <span class='ocrx_word' id='word_1_25' title='bbox 460 561 682 651; x_wconf 78' lang='grc' dir='ltr'><strong><em>Ἡρακλείδην</em></strong></span> <span class='ocrx_word' id='word_1_26' title='bbox 696 567 884 650; x_wconf 77' lang='grc' dir='ltr'><strong><em>ζητοῦντες,</em></strong></span> <span class='ocrx_word' id='word_1_27' title='bbox 903 557 922 631; x_wconf 86' lang='grc' dir='ltr'><em>ὃ</em></span> <span class='ocrx_word' id='word_1_28' title='bbox 940 564 977 631; x_wconf 70' lang='grc' dir='ltr'><strong><em>δὲ</em></strong></span> <span class='ocrx_word' id='word_1_29' title='bbox 993 562 1083 635; x_wconf 77' lang='grc' dir='ltr'><strong><em>εἷναί</em></strong></span> <span class='ocrx_word' id='word_1_30' title='bbox 1098 592 1146 656; x_wconf 89' lang='grc' dir='ltr'><strong><em>πη</em></strong></span> 
     </span>
     <span class='ocr_line' id='line_1_5' title="bbox 134 657 1145 751; baseline 0.004 -21"><span class='ocrx_word' id='word_1_31' title='bbox 134 663 239 751; x_wconf 78' lang='grc' dir='ltr'><strong><em>ταύτῃ</em></strong></span> <span class='ocrx_word' id='word_1_32' title='bbox 261 662 472 731; x_wconf 76' lang='grc' dir='ltr'><strong><em>κινδυνεύει·</em></strong></span> <span class='ocrx_word' id='word_1_33' title='bbox 504 659 580 731; x_wconf 87' lang='grc' dir='ltr'><strong><em>ἀλλ’</em></strong></span> <span class='ocrx_word' id='word_1_34' title='bbox 604 657 809 750; x_wconf 81' lang='grc' dir='ltr'><strong><em>ήμῑν,’έφη,</em></strong></span> <span class='ocrx_word' id='word_1_35' title='bbox 833 664 1145 751; x_wconf 75' lang='grc' dir='ltr'><strong><em>συνακολούθησον</em></strong></span> 
     </span>
     <span class='ocr_line' id='line_1_6' title="bbox 63 754 1146 856; baseline 0.005 -28"><span class='ocrx_word' id='word_1_36' title='bbox 63 774 116 839; x_wconf 74' lang='lat'><strong><em>349</em></strong></span> <span class='ocrx_word' id='word_1_37' title='bbox 134 758 219 848; x_wconf 86' lang='grc' dir='ltr'><strong><em>πρός</em></strong></span> <span class='ocrx_word' id='word_1_38' title='bbox 229 762 418 832; x_wconf 89' lang='grc' dir='ltr'><strong><em>Διονύσιον</em></strong></span> <span class='ocrx_word' id='word_1_39' title='bbox 429 759 541 850; x_wconf 82' lang='grc' dir='ltr'><strong><em>ἀπάση</em></strong></span> <span class='ocrx_word' id='word_1_40' title='bbox 551 767 693 853; x_wconf 79' lang='grc' dir='ltr'><strong><em>μηχανή.</em></strong></span> <span class='ocrx_word' id='word_1_41' title='bbox 715 757 873 856; x_wconf 70' lang='grc' dir='ltr'><strong><em>ᾠχόμεθα</em></strong></span> <span class='ocrx_word' id='word_1_42' title='bbox 884 754 949 831; x_wconf 79' lang='grc' dir='ltr'><strong><em>οὖν</em></strong></span> <span class='ocrx_word' id='word_1_43' title='bbox 959 765 1016 830; x_wconf 78' lang='grc' dir='ltr'><strong><em>καὶ</em></strong></span> <span class='ocrx_word' id='word_1_44' title='bbox 1031 764 1146 852; x_wconf 79' lang='grc' dir='ltr'><strong><em>είσήλ·</em></strong></span> 
     </span>
     <span class='ocr_line' id='line_1_7' title="bbox 135 856 1144 952; baseline 0.005 -26"><span class='ocrx_word' id='word_1_45' title='bbox 135 868 245 944; x_wconf 88' lang='grc' dir='ltr'><strong><em>θομεν</em></strong></span> <span class='ocrx_word' id='word_1_46' title='bbox 255 858 336 948; x_wconf 88' lang='grc' dir='ltr'><strong><em>παρ’</em></strong></span> <span class='ocrx_word' id='word_1_47' title='bbox 349 858 534 946; x_wconf 69' lang='grc' dir='ltr'><strong><em>αὐτήνκαὶ</em></strong></span> <span class='ocrx_word' id='word_1_48' title='bbox 550 856 596 926; x_wconf 77' lang='grc' dir='ltr'><strong><em>τό</em></strong></span> <span class='ocrx_word' id='word_1_49' title='bbox 614 857 677 944; x_wconf 74' lang='grc' dir='ltr'><strong><em>μέν</em></strong></span> <span class='ocrx_word' id='word_1_50' title='bbox 695 859 836 947; x_wconf 77' lang='grc' dir='ltr'><strong><em>ἑστάτην</em></strong></span> <span class='ocrx_word' id='word_1_51' title='bbox 847 866 927 949; x_wconf 84' lang='grc' dir='ltr'><strong><em>σιγή</em></strong></span> <span class='ocrx_word' id='word_1_52' title='bbox 943 861 1144 952; x_wconf 88' lang='grc' dir='ltr'><strong><em>δακρύοντε,</em></strong></span> 
     </span>
     <span class='ocr_line' id='line_1_8' title="bbox 134 954 1143 1047; baseline 0.005 -23"><span class='ocrx_word' id='word_1_53' title='bbox 134 955 200 1044; x_wconf 73' lang='grc' dir='ltr'><strong><em>ἐγώ</em></strong></span> <span class='ocrx_word' id='word_1_54' title='bbox 215 959 252 1026; x_wconf 75' lang='grc' dir='ltr'><strong><em>δὲ</em></strong></span> <span class='ocrx_word' id='word_1_55' title='bbox 264 956 376 1027; x_wconf 79' lang='grc' dir='ltr'><strong><em>εἶπον·</em></strong></span> <span class='ocrx_word' id='word_1_56' title='bbox 400 962 471 1026; x_wconf 81' lang='grc' dir='ltr'><strong><em>οἵδε</em></strong></span> <span class='ocrx_word' id='word_1_57' title='bbox 489 954 711 1046; x_wconf 82' lang='grc' dir='ltr'><strong><em>πεφόβηνται,</em></strong></span> <span class='ocrx_word' id='word_1_58' title='bbox 723 958 769 1045; x_wconf 89' lang='grc' dir='ltr'><strong><em>μή</em></strong></span> <span class='ocrx_word' id='word_1_59' title='bbox 786 985 818 1027; x_wconf 94' lang='grc' dir='ltr'><strong><em>τι</em></strong></span> <span class='ocrx_word' id='word_1_60' title='bbox 835 957 881 1028; x_wconf 81' lang='grc' dir='ltr'>σύ</span> <span class='ocrx_word' id='word_1_61' title='bbox 898 957 990 1047; x_wconf 77' lang='grc' dir='ltr'><strong><em>παρὰ</em></strong></span> <span class='ocrx_word' id='word_1_62' title='bbox 1005 959 1047 1028; x_wconf 84' lang='grc' dir='ltr'><strong><em>τά</em></strong></span> <span class='ocrx_word' id='word_1_63' title='bbox 1061 961 1143 1046; x_wconf 75' lang='grc' dir='ltr'><strong><em>χθὲς</em></strong></span> 
     </span>
     <span class='ocr_line' id='line_1_9' title="bbox 136 1052 1145 1145; baseline 0.002 -21"><span class='ocrx_word' id='word_1_64' title='bbox 136 1052 376 1143; x_wconf 75' lang='grc' dir='ltr'><strong><em>ὡμολογημένα</em></strong></span> <span class='ocrx_word' id='word_1_65' title='bbox 388 1055 529 1142; x_wconf 85' lang='grc' dir='ltr'><strong><em>ποιήσης</em></strong></span> <span class='ocrx_word' id='word_1_66' title='bbox 540 1057 617 1140; x_wconf 81' lang='grc' dir='ltr'><strong><em>περί</em></strong></span> <span class='ocrx_word' id='word_1_67' title='bbox 627 1052 849 1144; x_wconf 86' lang='grc' dir='ltr'><strong><em>Ἡρακλείδην</em></strong></span> <span class='ocrx_word' id='word_1_68' title='bbox 859 1059 1036 1145; x_wconf 82' lang='grc' dir='ltr'><strong><em>υεύτερον</em></strong></span> <span class='ocrx_word' id='word_1_69' title='bbox 1049 1062 1145 1132; x_wconf 73' lang='grc' dir='ltr'><strong><em>δοκεῖ</em></strong></span> 
     </span>
     <span class='ocr_line' id='line_1_10' title="bbox 134 1154 1143 1245; baseline 0.005 -21"><span class='ocrx_word' id='word_1_70' title='bbox 134 1155 200 1244; x_wconf 88' lang='grc' dir='ltr'><strong><em>γάρ</em></strong></span> <span class='ocrx_word' id='word_1_71' title='bbox 211 1181 267 1242; x_wconf 88' lang='grc' dir='ltr'><strong><em>μοι</em></strong></span> <span class='ocrx_word' id='word_1_72' title='bbox 276 1155 382 1242; x_wconf 86' lang='grc' dir='ltr'><strong><em>ταύτη</em></strong></span> <span class='ocrx_word' id='word_1_73' title='bbox 393 1176 440 1242; x_wconf 86' lang='grc' dir='ltr'><strong><em>πη</em></strong></span> <span class='ocrx_word' id='word_1_74' title='bbox 451 1155 627 1239; x_wconf 85' lang='grc' dir='ltr'><strong><em>γεγονέναι</em></strong></span> <span class='ocrx_word' id='word_1_75' title='bbox 639 1154 788 1242; x_wconf 83' lang='grc' dir='ltr'><strong><em>φανερός</em></strong></span> <span class='ocrx_word' id='word_1_76' title='bbox 798 1154 1101 1245; x_wconf 81' lang='grc' dir='ltr'><strong><em>ἀποτετραμμένος.</em></strong></span> <span class='ocrx_word' id='word_1_77' title='bbox 1122 1155 1143 1229; x_wconf 81' lang='grc' dir='ltr'><strong><em>ό</em></strong></span> 
     </span>
     <span class='ocr_line' id='line_1_11' title="bbox 135 1250 1144 1346; baseline 0.003 -23"><span class='ocrx_word' id='word_1_78' title='bbox 135 1252 172 1323; x_wconf 66' lang='grc' dir='ltr'><strong><em>δὲ</em></strong></span> <span class='ocrx_word' id='word_1_79' title='bbox 183 1253 332 1332; x_wconf 77' lang='grc' dir='ltr'><strong><em>ἀνιούσας</em></strong></span> <span class='ocrx_word' id='word_1_80' title='bbox 343 1251 537 1339; x_wconf 78' lang='grc' dir='ltr'><strong><em>ἀνεφλέχθη</em></strong></span> <span class='ocrx_word' id='word_1_81' title='bbox 549 1278 585 1320; x_wconf 83' lang='grc' dir='ltr'><strong><em>τε</em></strong></span> <span class='ocrx_word' id='word_1_82' title='bbox 597 1256 654 1321; x_wconf 77' lang='grc' dir='ltr'><strong><em>καὶ</em></strong></span> <span class='ocrx_word' id='word_1_83' title='bbox 664 1255 864 1325; x_wconf 78' lang='grc' dir='ltr'><strong><em>παντοδαπὰ</em></strong></span> <span class='ocrx_word' id='word_1_84' title='bbox 881 1256 1039 1346; x_wconf 75' lang='grc' dir='ltr'><strong><em>χρήματα</em></strong></span> <span class='ocrx_word' id='word_1_85' title='bbox 1048 1250 1144 1346; x_wconf 79' lang='grc' dir='ltr'><strong><em>ἧκεν,</em></strong></span> 
     </span>
     <span class='ocr_line' id='line_1_12' title="bbox 135 1346 1147 1444; baseline 0.004 -24"><span class='ocrx_word' id='word_1_86' title='bbox 135 1346 189 1420; x_wconf 80' lang='grc' dir='ltr'><strong><em>οἶα</em></strong></span> <span class='ocrx_word' id='word_1_87' title='bbox 200 1348 243 1418; x_wconf 85' lang='grc' dir='ltr'><strong><em>ἀν</em></strong></span> <span class='ocrx_word' id='word_1_88' title='bbox 254 1350 475 1438; x_wconf 71' lang='grc' dir='ltr'><strong><em>θυμούμενος</em></strong></span> <span class='ocrx_word' id='word_1_89' title='bbox 486 1347 603 1438; x_wconf 89' lang='grc' dir='ltr'><strong><em>ἀφείη·</em></strong></span> <span class='ocrx_word' id='word_1_90' title='bbox 631 1351 836 1438; x_wconf 75' lang='grc' dir='ltr'><strong><em>προσπεσόν</em></strong></span> <span class='ocrx_word' id='word_1_91' title='bbox 855 1352 890 1422; x_wconf 81' lang='grc' dir='ltr'><strong><em>δ’</em></strong></span> <span class='ocrx_word' id='word_1_92' title='bbox 909 1351 1037 1444; x_wconf 72' lang='grc' dir='ltr'><strong><em>αύτῷό</em></strong></span> <span class='ocrx_word' id='word_1_93' title='bbox 1056 1363 1147 1424; x_wconf 79' lang='grc' dir='ltr'><strong><em>Θεο-</em></strong></span> 
     </span>
     <span class='ocr_line' id='line_1_13' title="bbox 101 1447 1145 1540; baseline 0.002 -22"><span class='ocrx_word' id='word_1_94' title='bbox 101 1468 121 1518; x_wconf 83' lang='grc' dir='ltr'><strong>Β</strong></span> <span class='ocrx_word' id='word_1_95' title='bbox 139 1449 238 1535; x_wconf 90' lang='grc' dir='ltr'><strong><em>δότης</em></strong></span> <span class='ocrx_word' id='word_1_96' title='bbox 248 1449 435 1537; x_wconf 80' lang='grc' dir='ltr'><strong><em>λαβόμενος</em></strong></span> <span class='ocrx_word' id='word_1_97' title='bbox 445 1456 504 1536; x_wconf 88' lang='grc' dir='ltr'><strong><em>τής</em></strong></span> <span class='ocrx_word' id='word_1_98' title='bbox 514 1447 625 1537; x_wconf 86' lang='grc' dir='ltr'><strong><em>χειρός</em></strong></span> <span class='ocrx_word' id='word_1_99' title='bbox 636 1450 806 1539; x_wconf 78' lang='grc' dir='ltr'><strong><em>ἐδάκρυσέ</em></strong></span> <span class='ocrx_word' id='word_1_100' title='bbox 813 1479 849 1521; x_wconf 87' lang='grc' dir='ltr'><strong><em>τε</em></strong></span> <span class='ocrx_word' id='word_1_101' title='bbox 865 1455 922 1523; x_wconf 83' lang='grc' dir='ltr'><strong><em>καὶ</em></strong></span> <span class='ocrx_word' id='word_1_102' title='bbox 938 1455 1066 1523; x_wconf 72' lang='grc' dir='ltr'><strong><em>ἱκέτευε</em></strong></span> <span class='ocrx_word' id='word_1_103' title='bbox 1075 1456 1145 1540; x_wconf 85' lang='grc' dir='ltr'><strong><em>μη-</em></strong></span> 
     </span>
     <span class='ocr_line' id='line_1_14' title="bbox 136 1545 1142 1640; baseline 0.005 -24"><span class='ocrx_word' id='word_1_104' title='bbox 136 1549 195 1616; x_wconf 74' lang='grc' dir='ltr'><strong><em>δδν</em></strong></span> <span class='ocrx_word' id='word_1_105' title='bbox 205 1555 362 1616; x_wconf 84' lang='grc' dir='ltr'><strong><em>τοιοῦτον</em></strong></span> <span class='ocrx_word' id='word_1_106' title='bbox 373 1561 493 1636; x_wconf 80' lang='grc' dir='ltr'><strong><em>ποιεῖν,</em></strong></span> <span class='ocrx_word' id='word_1_107' title='bbox 500 1545 684 1636; x_wconf 72' lang='grc' dir='ltr'><strong><em>ὑπολαβών</em></strong></span> <span class='ocrx_word' id='word_1_108' title='bbox 695 1547 729 1617; x_wconf 91' lang='grc' dir='ltr'><strong><em>δ’</em></strong></span> <span class='ocrx_word' id='word_1_109' title='bbox 744 1551 809 1638; x_wconf 75' lang='grc' dir='ltr'><strong><em>ἐγώ</em></strong></span> <span class='ocrx_word' id='word_1_110' title='bbox 822 1549 1142 1640; x_wconf 86' lang='grc' dir='ltr'><strong><em>παραμυθούμενος,</em></strong></span> 
     </span>
     <span class='ocr_line' id='line_1_15' title="bbox 134 1645 1145 1738; baseline 0.004 -22"><span class='ocrx_word' id='word_1_111' title='bbox 134 1649 269 1736; x_wconf 82' lang='grc' dir='ltr'><strong><em>θάρρει,</em></strong></span> <span class='ocrx_word' id='word_1_112' title='bbox 292 1648 452 1736; x_wconf 76' lang='grc' dir='ltr'><strong><em>Θεοδότα,</em></strong></span> <span class='ocrx_word' id='word_1_113' title='bbox 481 1652 583 1734; x_wconf 78' lang='grc' dir='ltr'><strong><em>ἔφην·</em></strong></span> <span class='ocrx_word' id='word_1_114' title='bbox 616 1645 659 1716; x_wconf 87' lang='grc' dir='ltr'><strong><em>ού</em></strong></span> <span class='ocrx_word' id='word_1_115' title='bbox 685 1647 750 1738; x_wconf 86' lang='grc' dir='ltr'><strong><em>γάρ</em></strong></span> <span class='ocrx_word' id='word_1_116' title='bbox 777 1652 936 1738; x_wconf 81' lang='grc' dir='ltr'><strong><em>τολμήσει</em></strong></span> <span class='ocrx_word' id='word_1_117' title='bbox 956 1650 1145 1732; x_wconf 86' lang='grc' dir='ltr'><strong><em>Διονύσιος</em></strong></span> 
     </span>
     <span class='ocr_line' id='line_1_16' title="bbox 135 1742 1144 1841; baseline 0.006 -26"><span class='ocrx_word' id='word_1_118' title='bbox 135 1742 226 1834; x_wconf 84' lang='grc' dir='ltr'><strong><em>παρά</em></strong></span> <span class='ocrx_word' id='word_1_119' title='bbox 236 1744 277 1814; x_wconf 80' lang='grc' dir='ltr'><strong><em>τὰ</em></strong></span> <span class='ocrx_word' id='word_1_120' title='bbox 292 1746 373 1833; x_wconf 69' lang='grc' dir='ltr'><strong><em>χθὲς</em></strong></span> <span class='ocrx_word' id='word_1_121' title='bbox 383 1743 624 1834; x_wconf 78' lang='grc' dir='ltr'><strong><em>ὡμολογημένα</em></strong></span> <span class='ocrx_word' id='word_1_122' title='bbox 640 1746 725 1817; x_wconf 77' lang='grc' dir='ltr'><strong><em>ἀλλα</em></strong></span> <span class='ocrx_word' id='word_1_123' title='bbox 742 1747 823 1818; x_wconf 74' lang='grc' dir='ltr'><strong><em>ποτὲ</em></strong></span> <span class='ocrx_word' id='word_1_124' title='bbox 837 1755 935 1841; x_wconf 82' lang='grc' dir='ltr'><strong><em>δρηῖν.</em></strong></span> <span class='ocrx_word' id='word_1_125' title='bbox 955 1753 1011 1821; x_wconf 76' lang='grc' dir='ltr'><strong><em>καί</em></strong></span> <span class='ocrx_word' id='word_1_126' title='bbox 1027 1747 1066 1833; x_wconf 77' lang='grc' dir='ltr'><strong><em>ὃς</em></strong></span> <span class='ocrx_word' id='word_1_127' title='bbox 1084 1754 1144 1838; x_wconf 79' lang='grc' dir='ltr'><strong><em>ἐμ·</em></strong></span> 
     </span>
     <span class='ocr_line' id='line_1_17' title="bbox 83 1848 1144 1937; baseline 0.003 -21"><span class='ocrx_word' id='word_1_128' title='bbox 83 1916 88 1927; x_wconf 83' lang='grc'><strong><em>,</em></strong></span> <span class='ocrx_word' id='word_1_129' title='bbox 134 1849 261 1935; x_wconf 78' lang='grc' dir='ltr'><strong><em>βλέψας</em></strong></span> <span class='ocrx_word' id='word_1_130' title='bbox 272 1875 330 1935; x_wconf 89' lang='grc' dir='ltr'><strong><em>μοι</em></strong></span> <span class='ocrx_word' id='word_1_131' title='bbox 340 1850 396 1917; x_wconf 76' lang='grc' dir='ltr'><strong><em>καὶ</em></strong></span> <span class='ocrx_word' id='word_1_132' title='bbox 406 1848 496 1935; x_wconf 87' lang='grc' dir='ltr'><strong><em>μάλα</em></strong></span> <span class='ocrx_word' id='word_1_133' title='bbox 512 1854 734 1937; x_wconf 70' lang='grc' dir='ltr'><strong><em>τυραννικοῖς,</em></strong></span> <span class='ocrx_word' id='word_1_134' title='bbox 753 1854 817 1935; x_wconf 90' lang='grc' dir='ltr'><strong><em>σοί,</em></strong></span> <span class='ocrx_word' id='word_1_135' title='bbox 834 1854 913 1936; x_wconf 76' lang='grc' dir='ltr'><strong><em>ἔφη,</em></strong></span> <span class='ocrx_word' id='word_1_136' title='bbox 929 1849 994 1937; x_wconf 70' lang='grc' dir='ltr'><strong><em>ἐγώ</em></strong></span> <span class='ocrx_word' id='word_1_137' title='bbox 1013 1848 1093 1919; x_wconf 79' lang='grc' dir='ltr'><strong><em>οὔτε</em></strong></span> <span class='ocrx_word' id='word_1_138' title='bbox 1111 1877 1144 1919; x_wconf 87' lang='grc' dir='ltr'><strong><em>τι</em></strong></span> 
     </span>
     <span class='ocr_line' id='line_1_18' title="bbox 136 1937 1139 2039; baseline 0.004 -25"><span class='ocrx_word' id='word_1_139' title='bbox 136 1937 282 2034; x_wconf 80' lang='grc' dir='ltr'><strong><em>σμικρόν</em></strong></span> <span class='ocrx_word' id='word_1_140' title='bbox 303 1945 383 2015; x_wconf 87' lang='grc' dir='ltr'><strong><em>ούτε</em></strong></span> <span class='ocrx_word' id='word_1_141' title='bbox 400 1949 485 2035; x_wconf 91' lang='grc' dir='ltr'><strong><em>μέγα</em></strong></span> <span class='ocrx_word' id='word_1_142' title='bbox 501 1944 713 2034; x_wconf 74' lang='grc' dir='ltr'><strong><em>ὡμολόγησα.</em></strong></span> <span class='ocrx_word' id='word_1_143' title='bbox 737 1946 780 2034; x_wconf 83' lang='grc' dir='ltr'><strong><em>νή</em></strong></span> <span class='ocrx_word' id='word_1_144' title='bbox 798 1946 880 2028; x_wconf 81' lang='grc' dir='ltr'><strong><em>τούς</em></strong></span> <span class='ocrx_word' id='word_1_145' title='bbox 900 1951 1016 2037; x_wconf 86' lang='grc' dir='ltr'><strong><em>θεούς,</em></strong></span> <span class='ocrx_word' id='word_1_146' title='bbox 1040 1944 1084 2039; x_wconf 90' lang='grc' dir='ltr'><strong><em>ήν</em></strong></span> <span class='ocrx_word' id='word_1_147' title='bbox 1105 1947 1139 2017; x_wconf 90' lang='grc' dir='ltr'><strong><em>δ’</em></strong></span> 
     </span>
     <span class='ocr_line' id='line_1_19' title="bbox 136 2042 1145 2137; baseline 0.003 -19"><span class='ocrx_word' id='word_1_148' title='bbox 136 2051 213 2137; x_wconf 74' lang='grc' dir='ltr'><strong><em>ἀγοί,</em></strong></span> <span class='ocrx_word' id='word_1_149' title='bbox 227 2048 270 2117; x_wconf 86' lang='grc' dir='ltr'><strong><em>σύ</em></strong></span> <span class='ocrx_word' id='word_1_150' title='bbox 282 2075 320 2135; x_wconf 89' lang='grc' dir='ltr'><strong><em>γε</em></strong></span> <span class='ocrx_word' id='word_1_151' title='bbox 331 2055 447 2135; x_wconf 78' lang='grc' dir='ltr'><strong><em>ταῦτα,</em></strong></span> <span class='ocrx_word' id='word_1_152' title='bbox 461 2044 557 2117; x_wconf 82' lang='grc' dir='ltr'><strong><em>ἀσού</em></strong></span> <span class='ocrx_word' id='word_1_153' title='bbox 567 2055 635 2118; x_wconf 83' lang='grc' dir='ltr'><strong><em>νύν</em></strong></span> <span class='ocrx_word' id='word_1_154' title='bbox 651 2042 752 2130; x_wconf 78' lang='grc' dir='ltr'><strong><em>οὗτος</em></strong></span> <span class='ocrx_word' id='word_1_155' title='bbox 763 2054 868 2119; x_wconf 79' lang='grc' dir='ltr'><strong><em>δεῖται</em></strong></span> <span class='ocrx_word' id='word_1_156' title='bbox 880 2049 925 2137; x_wconf 78' lang='grc' dir='ltr'><strong><em>’μή</em></strong></span> <span class='ocrx_word' id='word_1_157' title='bbox 937 2066 1064 2120; x_wconf 87' lang='grc' dir='ltr'><strong><em>ποιείν·</em></strong></span> <span class='ocrx_word' id='word_1_158' title='bbox 1087 2054 1145 2121; x_wconf 81' lang='grc' dir='ltr'><strong><em>καί</em></strong></span> 
     </span>
     <span class='ocr_line' id='line_1_20' title="bbox 137 2146 1143 2239; baseline -0.001 -20"><span class='ocrx_word' id='word_1_159' title='bbox 137 2147 242 2219; x_wconf 78' lang='grc' dir='ltr'><strong><em>είπων</em></strong></span> <span class='ocrx_word' id='word_1_160' title='bbox 271 2153 377 2217; x_wconf 89' lang='grc' dir='ltr'><strong><em>ταύτα</em></strong></span> <span class='ocrx_word' id='word_1_161' title='bbox 405 2146 704 2239; x_wconf 85' lang='grc' dir='ltr'><strong><em>ἀποστρεφόμενος</em></strong></span> <span class='ocrx_word' id='word_1_162' title='bbox 727 2146 863 2239; x_wconf 73' lang='grc' dir='ltr'><strong><em>ᾠχόμην</em></strong></span> <span class='ocrx_word' id='word_1_163' title='bbox 888 2153 962 2228; x_wconf 78' lang='grc' dir='ltr'><strong><em>ἔξω.</em></strong></span> <span class='ocrx_word' id='word_1_164' title='bbox 991 2148 1035 2219; x_wconf 71' lang='grc' dir='ltr'><strong><em>τό</em></strong></span> <span class='ocrx_word' id='word_1_165' title='bbox 1060 2148 1143 2237; x_wconf 88' lang='grc' dir='ltr'><strong><em>μετά</em></strong></span> 
     </span>
     <span class='ocr_line' id='line_1_21' title="bbox 102 2244 1195 2334; baseline 0.001 -19"><span class='ocrx_word' id='word_1_166' title='bbox 102 2258 122 2310; x_wconf 82' lang='lat'>0</span> <span class='ocrx_word' id='word_1_167' title='bbox 138 2254 243 2316; x_wconf 64' lang='grc' dir='ltr'><strong><em>ταθτα</em></strong></span> <span class='ocrx_word' id='word_1_168' title='bbox 254 2244 272 2316; x_wconf 85' lang='grc' dir='ltr'>ὁ</span> <span class='ocrx_word' id='word_1_169' title='bbox 285 2244 347 2334; x_wconf 74' lang='grc' dir='ltr'><strong><em>μὲν</em></strong></span> <span class='ocrx_word' id='word_1_170' title='bbox 358 2247 514 2334; x_wconf 73' lang='grc' dir='ltr'><strong><em>ἐκυνήγει</em></strong></span> <span class='ocrx_word' id='word_1_171' title='bbox 529 2249 592 2316; x_wconf 87' lang='grc' dir='ltr'><strong><em>τόν</em></strong></span> <span class='ocrx_word' id='word_1_172' title='bbox 607 2247 838 2333; x_wconf 85' lang='grc' dir='ltr'><strong><em>Ἡρακλείδην,</em></strong></span> <span class='ocrx_word' id='word_1_173' title='bbox 854 2244 1021 2333; x_wconf 78' lang='grc' dir='ltr'><strong><em>Θεοδότης</em></strong></span> <span class='ocrx_word' id='word_1_174' title='bbox 1033 2247 1070 2316; x_wconf 72' lang='grc' dir='ltr'><strong><em>δὲ</em></strong></span> <span class='ocrx_word' id='word_1_175' title='bbox 1080 2244 1144 2333; x_wconf 90' lang='grc' dir='ltr'><strong><em>ἀγ-</em></strong></span> <span class='ocrx_word' id='word_1_176' title='bbox 1192 2300 1195 2307; x_wconf 86' lang='grc'>.</span> 
     </span>
     <span class='ocr_line' id='line_1_22' title="bbox 134 2340 1144 2432; baseline 0.002 -22"><span class='ocrx_word' id='word_1_177' title='bbox 134 2345 253 2429; x_wconf 78' lang='grc' dir='ltr'><strong><em>φίλους</em></strong></span> <span class='ocrx_word' id='word_1_178' title='bbox 269 2349 410 2430; x_wconf 83' lang='grc' dir='ltr'><strong><em>πέμπων</em></strong></span> <span class='ocrx_word' id='word_1_179' title='bbox 423 2341 623 2432; x_wconf 80' lang='grc' dir='ltr'><strong><em>Ἡρακλείδη</em></strong></span> <span class='ocrx_word' id='word_1_180' title='bbox 645 2343 786 2430; x_wconf 88' lang='grc' dir='ltr'><strong><em>φεύγειν</em></strong></span> <span class='ocrx_word' id='word_1_181' title='bbox 808 2342 1034 2413; x_wconf 84' lang='grc' dir='ltr'><strong><em>διεκελεύετο·</em></strong></span> <span class='ocrx_word' id='word_1_182' title='bbox 1064 2340 1082 2412; x_wconf 89' lang='grc' dir='ltr'><strong><em>ό</em></strong></span> <span class='ocrx_word' id='word_1_183' title='bbox 1106 2345 1144 2412; x_wconf 69' lang='grc' dir='ltr'><strong><em>δὲ</em></strong></span> 
     </span>
     <span class='ocr_line' id='line_1_23' title="bbox 135 2437 1144 2530; baseline 0.003 -23"><span class='ocrx_word' id='word_1_184' title='bbox 135 2442 304 2526; x_wconf 74' lang='grc' dir='ltr'><strong><em>ἐκπέμψας</em></strong></span> <span class='ocrx_word' id='word_1_185' title='bbox 318 2446 436 2507; x_wconf 88' lang='grc' dir='ltr'><strong><em>Τισίαν</em></strong></span> <span class='ocrx_word' id='word_1_186' title='bbox 448 2442 503 2508; x_wconf 77' lang='grc' dir='ltr'><strong><em>καί</em></strong></span> <span class='ocrx_word' id='word_1_187' title='bbox 514 2442 697 2521; x_wconf 78' lang='grc' dir='ltr'><strong><em>πελταστὰς</em></strong></span> <span class='ocrx_word' id='word_1_188' title='bbox 708 2437 847 2508; x_wconf 83' lang='grc' dir='ltr'><strong><em>διύκειν</em></strong></span> <span class='ocrx_word' id='word_1_189' title='bbox 857 2441 1001 2512; x_wconf 78' lang='grc' dir='ltr'><strong><em>ἐκέλευε·</em></strong></span> <span class='ocrx_word' id='word_1_190' title='bbox 1013 2443 1144 2530; x_wconf 86' lang='grc' dir='ltr'><strong><em>φθόνει</em></strong></span> 
     </span>
     <span class='ocr_line' id='line_1_24' title="bbox 135 2531 1143 2625; baseline -0.001 -20"><span class='ocrx_word' id='word_1_191' title='bbox 135 2539 183 2624; x_wconf 84' lang='grc' dir='ltr'><strong><em>δέ,</em></strong></span> <span class='ocrx_word' id='word_1_192' title='bbox 202 2531 248 2615; x_wconf 78' lang='grc' dir='ltr'><strong><em>ἀς</em></strong></span> <span class='ocrx_word' id='word_1_193' title='bbox 261 2537 403 2622; x_wconf 81' lang='grc' dir='ltr'><strong><em>ἐλέγετο,</em></strong></span> <span class='ocrx_word' id='word_1_194' title='bbox 420 2532 639 2624; x_wconf 85' lang='grc' dir='ltr'><strong><em>Ἡρακλείδης</em></strong></span> <span class='ocrx_word' id='word_1_195' title='bbox 656 2542 703 2617; x_wconf 86' lang='grc' dir='ltr'><strong><em>είς</em></strong></span> <span class='ocrx_word' id='word_1_196' title='bbox 718 2534 781 2624; x_wconf 85' lang='grc' dir='ltr'><strong><em>τήν</em></strong></span> <span class='ocrx_word' id='word_1_197' title='bbox 798 2543 1043 2625; x_wconf 79' lang='grc' dir='ltr'><strong><em>Καρχηδονίων</em></strong></span> <span class='ocrx_word' id='word_1_198' title='bbox 1067 2541 1143 2605; x_wconf 83' lang='grc' dir='ltr'><strong><em>ἐπι-</em></strong></span> 
     </span>
     <span class='ocr_line' id='line_1_25' title="bbox 134 2632 1142 2728; baseline -0.002 -23"><span class='ocrx_word' id='word_1_199' title='bbox 134 2637 294 2725; x_wconf 80' lang='grc' dir='ltr'><strong><em>κράτειαν</em></strong></span> <span class='ocrx_word' id='word_1_200' title='bbox 306 2632 466 2722; x_wconf 76' lang='grc' dir='ltr'><strong><em>ἐκφυγόν</em></strong></span> <span class='ocrx_word' id='word_1_201' title='bbox 478 2632 604 2724; x_wconf 81' lang='grc' dir='ltr'><strong><em>ἡμέρας</em></strong></span> <span class='ocrx_word' id='word_1_202' title='bbox 617 2642 748 2726; x_wconf 76' lang='grc' dir='ltr'><strong><em>σμικρῷ</em></strong></span> <span class='ocrx_word' id='word_1_203' title='bbox 759 2639 826 2706; x_wconf 77' lang='grc' dir='ltr'><strong><em>τινὶ</em></strong></span> <span class='ocrx_word' id='word_1_204' title='bbox 837 2640 942 2728; x_wconf 89' lang='grc' dir='ltr'><strong><em>μέρει.</em></strong></span> <span class='ocrx_word' id='word_1_205' title='bbox 953 2638 991 2706; x_wconf 87' lang='grc' dir='ltr'><strong><em>τό</em></strong></span> <span class='ocrx_word' id='word_1_206' title='bbox 1004 2635 1047 2719; x_wconf 88' lang='grc' dir='ltr'><strong><em>δή</em></strong></span> <span class='ocrx_word' id='word_1_207' title='bbox 1059 2633 1142 2719; x_wconf 79' lang='grc' dir='ltr'><strong><em>μετὰ</em></strong></span> 
     </span>
     <span class='ocr_line' id='line_1_26' title="bbox 135 2732 1143 2826; baseline -0.007 -21"><span class='ocrx_word' id='word_1_208' title='bbox 135 2742 236 2805; x_wconf 80' lang='grc' dir='ltr'><strong><em>τοῦτο</em></strong></span> <span class='ocrx_word' id='word_1_209' title='bbox 248 2733 269 2823; x_wconf 84' lang='grc' dir='ltr'><strong><em>ή</em></strong></span> <span class='ocrx_word' id='word_1_210' title='bbox 281 2734 384 2803; x_wconf 81' lang='grc' dir='ltr'><strong><em>πύλαι</em></strong></span> <span class='ocrx_word' id='word_1_211' title='bbox 396 2732 560 2821; x_wconf 79' lang='grc' dir='ltr'><strong><em>ἐπιβουλή</em></strong></span> <span class='ocrx_word' id='word_1_212' title='bbox 571 2741 745 2826; x_wconf 87' lang='grc' dir='ltr'><strong><em>Διονυσίφ</em></strong></span> <span class='ocrx_word' id='word_1_213' title='bbox 756 2743 820 2805; x_wconf 84' lang='grc' dir='ltr'><strong><em>τού</em></strong></span> <span class='ocrx_word' id='word_1_214' title='bbox 836 2735 881 2822; x_wconf 85' lang='grc' dir='ltr'><strong><em>μή</em></strong></span> <span class='ocrx_word' id='word_1_215' title='bbox 899 2734 1090 2804; x_wconf 80' lang='grc' dir='ltr'><strong><em>ἀποδοῦναι</em></strong></span> <span class='ocrx_word' id='word_1_216' title='bbox 1101 2733 1143 2807; x_wconf 81' lang='grc' dir='ltr'><strong><em>τὰ</em></strong></span> 
     </span>
     <span class='ocr_line' id='line_1_27' title="bbox 135 2827 1158 2925; baseline -0.006 -20"><span class='ocrx_word' id='word_1_217' title='bbox 135 2842 269 2916; x_wconf 87' lang='grc' dir='ltr'><strong><em>Δίωνος</em></strong></span> <span class='ocrx_word' id='word_1_218' title='bbox 279 2834 430 2922; x_wconf 86' lang='grc' dir='ltr'><strong><em>χρήματα</em></strong></span> <span class='ocrx_word' id='word_1_219' title='bbox 440 2837 556 2916; x_wconf 77' lang='grc' dir='ltr'><strong><em>ἔδοξεν</em></strong></span> <span class='ocrx_word' id='word_1_220' title='bbox 568 2839 692 2925; x_wconf 77' lang='grc' dir='ltr'><strong><em>ἔχθρας</em></strong></span> <span class='ocrx_word' id='word_1_221' title='bbox 709 2835 815 2921; x_wconf 89' lang='grc' dir='ltr'><strong><em>λόγον</em></strong></span> <span class='ocrx_word' id='word_1_222' title='bbox 831 2838 922 2918; x_wconf 80' lang='grc' dir='ltr'><strong><em>ἔχειν</em></strong></span> <span class='ocrx_word' id='word_1_223' title='bbox 936 2827 981 2898; x_wconf 87' lang='grc' dir='ltr'><strong><em>ἀν</em></strong></span> <span class='ocrx_word' id='word_1_224' title='bbox 999 2830 1085 2919; x_wconf 85' lang='grc' dir='ltr'><strong><em>πρός</em></strong></span> <span class='ocrx_word' id='word_1_225' title='bbox 1101 2859 1158 2919; x_wconf 59' lang='grc' dir='ltr'><strong><em>με,</em></strong></span> 
     </span>
     <span class='ocr_line' id='line_1_28' title="bbox 135 2929 1142 3023; baseline 0.001 -22"><span class='ocrx_word' id='word_1_226' title='bbox 135 2932 307 3002; x_wconf 82' lang='grc' dir='ltr'><strong><em>πνθανόν·’</em></strong></span> <span class='ocrx_word' id='word_1_227' title='bbox 324 2935 381 3023; x_wconf 78' lang='grc' dir='ltr'><strong><em>καί</em></strong></span> <span class='ocrx_word' id='word_1_228' title='bbox 390 2939 527 3022; x_wconf 76' lang='grc' dir='ltr'><strong><em>πρῶτον</em></strong></span> <span class='ocrx_word' id='word_1_229' title='bbox 543 2934 606 3021; x_wconf 73' lang='grc' dir='ltr'><strong><em>μὲν</em></strong></span> <span class='ocrx_word' id='word_1_230' title='bbox 623 2938 660 3002; x_wconf 81' lang='grc' dir='ltr'><strong><em>ἐκ</em></strong></span> <span class='ocrx_word' id='word_1_231' title='bbox 674 2939 733 3021; x_wconf 88' lang='grc' dir='ltr'><strong><em>τής</em></strong></span> <span class='ocrx_word' id='word_1_232' title='bbox 751 2929 966 3019; x_wconf 85' lang='grc' dir='ltr'><strong><em>ἀκροπόλεως</em></strong></span> <span class='ocrx_word' id='word_1_233' title='bbox 982 2933 1142 3018; x_wconf 81' lang='grc' dir='ltr'><strong><em>ἐκπέμπει</em></strong></span> 
     </span>
     <span class='ocr_line' id='line_1_29' title="bbox 99 3025 1143 3122; baseline 0.002 -25"><span class='ocrx_word' id='word_1_234' title='bbox 99 3045 122 3096; x_wconf 83' lang='grc'><strong><em>1)</em></strong></span> <span class='ocrx_word' id='word_1_235' title='bbox 138 3056 190 3118; x_wconf 87' lang='grc' dir='ltr'><strong><em>με,</em></strong></span> <span class='ocrx_word' id='word_1_236' title='bbox 202 3028 314 3116; x_wconf 70' lang='grc' dir='ltr'><strong><em>εύροδν</em></strong></span> <span class='ocrx_word' id='word_1_237' title='bbox 325 3030 509 3121; x_wconf 88' lang='grc' dir='ltr'><strong><em>πρόφασιν,</em></strong></span> <span class='ocrx_word' id='word_1_238' title='bbox 521 3029 567 3113; x_wconf 77' lang='grc' dir='ltr'><strong><em>ὥς</em></strong></span> <span class='ocrx_word' id='word_1_239' title='bbox 577 3032 635 3114; x_wconf 82' lang='grc' dir='ltr'><strong><em>τὰς</em></strong></span> <span class='ocrx_word' id='word_1_240' title='bbox 645 3044 808 3120; x_wconf 86' lang='grc' dir='ltr'><strong><em>γυναίκας</em></strong></span> <span class='ocrx_word' id='word_1_241' title='bbox 818 3032 856 3099; x_wconf 77' lang='grc' dir='ltr'><strong><em>ἐν</em></strong></span> <span class='ocrx_word' id='word_1_242' title='bbox 873 3037 919 3122; x_wconf 73' lang='grc' dir='ltr'><strong><em>τῷ</em></strong></span> <span class='ocrx_word' id='word_1_243' title='bbox 934 3031 1042 3122; x_wconf 83' lang='grc' dir='ltr'><strong><em>κήπφ,</em></strong></span> <span class='ocrx_word' id='word_1_244' title='bbox 1059 3034 1097 3099; x_wconf 83' lang='grc' dir='ltr'><strong><em>ἐν</em></strong></span> <span class='ocrx_word' id='word_1_245' title='bbox 1116 3025 1143 3122; x_wconf 73' lang='grc' dir='ltr'><em>ᾧ</em></span> 
     </span>
     <span class='ocr_line' id='line_1_30' title="bbox 135 3126 1141 3220; baseline 0.003 -26"><span class='ocrx_word' id='word_1_246' title='bbox 135 3126 312 3220; x_wconf 75' lang='grc' dir='ltr'><strong><em>κατῴκουν</em></strong></span> <span class='ocrx_word' id='word_1_247' title='bbox 324 3129 401 3217; x_wconf 73' lang='grc' dir='ltr'><strong><em>ἐγώ,</em></strong></span> <span class='ocrx_word' id='word_1_248' title='bbox 413 3133 486 3198; x_wconf 89' lang='grc' dir='ltr'><strong><em>δέοι</em></strong></span> <span class='ocrx_word' id='word_1_249' title='bbox 494 3137 603 3200; x_wconf 82' lang='grc' dir='ltr'><strong><em>θύται</em></strong></span> <span class='ocrx_word' id='word_1_250' title='bbox 620 3136 749 3200; x_wconf 82' lang='grc' dir='ltr'><strong><em>θυσίαν</em></strong></span> <span class='ocrx_word' id='word_1_251' title='bbox 760 3129 837 3198; x_wconf 83' lang='grc' dir='ltr'><strong><em>τινὰ</em></strong></span> <span class='ocrx_word' id='word_1_252' title='bbox 854 3130 1056 3218; x_wconf 89' lang='grc' dir='ltr'><strong><em>δεχήμερον·</em></strong></span> <span class='ocrx_word' id='word_1_253' title='bbox 1080 3134 1141 3211; x_wconf 78' lang='grc' dir='ltr'><strong><em>ἔξω</em></strong></span> 
     </span>
    </p>
   </div>
   <div class='ocr_carea' id='block_1_3' title="bbox 38 3225 1144 3539">
    <p class='ocr_par' dir='ltr' id='par_1_3' title="bbox 38 3225 1144 3539">
     <span class='ocr_line' id='line_1_31' title="bbox 38 3225 1143 3324; baseline 0.001 -28"><span class='ocrx_word' id='word_1_254' title='bbox 38 3248 42 3251; x_wconf 85' lang='grc'><em>·</em></span> <span class='ocrx_word' id='word_1_255' title='bbox 136 3227 178 3316; x_wconf 88' lang='grc' dir='ltr'><strong><em>δή</em></strong></span> <span class='ocrx_word' id='word_1_256' title='bbox 201 3253 243 3315; x_wconf 92' lang='grc' dir='ltr'><strong><em>με</em></strong></span> <span class='ocrx_word' id='word_1_257' title='bbox 265 3227 346 3316; x_wconf 87' lang='grc' dir='ltr'><strong><em>παρ’</em></strong></span> <span class='ocrx_word' id='word_1_258' title='bbox 369 3225 555 3324; x_wconf 81' lang='grc' dir='ltr'><strong><em>Ἀρχιδήμφ</em></strong></span> <span class='ocrx_word' id='word_1_259' title='bbox 574 3232 776 3320; x_wconf 85' lang='grc' dir='ltr'><strong><em>προσέταττε</em></strong></span> <span class='ocrx_word' id='word_1_260' title='bbox 790 3227 851 3299; x_wconf 85' lang='grc' dir='ltr'><strong><em>τόν</em></strong></span> <span class='ocrx_word' id='word_1_261' title='bbox 873 3230 998 3318; x_wconf 88' lang='grc' dir='ltr'><strong><em>χρόνον</em></strong></span> <span class='ocrx_word' id='word_1_262' title='bbox 1020 3236 1143 3299; x_wconf 84' lang='grc' dir='ltr'><strong><em>τούτου</em></strong></span> 
     </span>
     <span class='ocr_line' id='line_1_32' title="bbox 135 3324 1143 3417; baseline -0.003 -21"><span class='ocrx_word' id='word_1_263' title='bbox 135 3341 256 3414; x_wconf 83' lang='grc' dir='ltr'><strong><em>μείναι.</em></strong></span> <span class='ocrx_word' id='word_1_264' title='bbox 278 3324 377 3409; x_wconf 82' lang='grc' dir='ltr'><strong><em>ὄντος</em></strong></span> <span class='ocrx_word' id='word_1_265' title='bbox 387 3324 420 3396; x_wconf 88' lang='grc' dir='ltr'><strong><em>δ’</em></strong></span> <span class='ocrx_word' id='word_1_266' title='bbox 435 3330 519 3416; x_wconf 76' lang='grc' dir='ltr'><strong><em>ἐμοῦ</em></strong></span> <span class='ocrx_word' id='word_1_267' title='bbox 529 3331 601 3398; x_wconf 81' lang='grc' dir='ltr'><strong><em>έκεί</em></strong></span> <span class='ocrx_word' id='word_1_268' title='bbox 608 3328 777 3415; x_wconf 78' lang='grc' dir='ltr'><strong><em>Θεοδότης</em></strong></span> <span class='ocrx_word' id='word_1_269' title='bbox 785 3328 1092 3417; x_wconf 75' lang='grc' dir='ltr'><strong><em>,μεταπεμψάμενός</em></strong></span> <span class='ocrx_word' id='word_1_270' title='bbox 1102 3351 1143 3412; x_wconf 87' lang='grc' dir='ltr'><strong><em>με</em></strong></span> 
     </span>
     <span class='ocr_line' id='line_1_33' title="bbox 86 3425 1144 3539; baseline -0.005 -42"><span class='ocrx_word' id='word_1_271' title='bbox 86 3512 109 3539; x_wconf 44' lang='grc' dir='ltr'>ι</span> <span class='ocrx_word' id='word_1_272' title='bbox 123 3425 242 3497; x_wconf 59' lang='lat' dir='ltr'><strong><em>aaa&gt;</em></strong></span> <span class='ocrx_word' id='word_1_273' title='bbox 252 3430 334 3517; x_wconf 74' lang='grc' dir='ltr'><strong><em>περ)</em></strong></span> <span class='ocrx_word' id='word_1_274' title='bbox 352 3435 425 3498; x_wconf 81' lang='grc' dir='ltr'><strong><em>ταῖν</em></strong></span> <span class='ocrx_word' id='word_1_275' title='bbox 438 3430 517 3501; x_wconf 80' lang='grc' dir='ltr'><strong><em>τότε</em></strong></span> <span class='ocrx_word' id='word_1_276' title='bbox 532 3433 754 3521; x_wconf 80' lang='grc' dir='ltr'><strong><em>πραχθέντων</em></strong></span> <span class='ocrx_word' id='word_1_277' title='bbox 768 3425 951 3518; x_wconf 83' lang='grc' dir='ltr'><strong><em>ήγανάκτει</em></strong></span> <span class='ocrx_word' id='word_1_278' title='bbox 968 3430 1025 3498; x_wconf 78' lang='grc' dir='ltr'><strong><em>καὶ</em></strong></span> <span class='ocrx_word' id='word_1_279' title='bbox 1042 3428 1144 3514; x_wconf 81' lang='grc' dir='ltr'><strong><em>ἐμέμ-</em></strong></span> 
     </span>
    </p>
   </div>
   <div class='ocr_carea' id='block_1_4' title="bbox 0 0 1208 3764">
    <p class='ocr_par' dir='ltr' id='par_1_4' title="bbox 0 0 1208 3764">
     <span class='ocr_line' id='line_1_34' title="bbox 0 0 1208 3764; baseline 0 0"><span class='ocrx_word' id='word_1_280' title='bbox 0 0 1208 3764; x_wconf 95' lang='lat' dir='ltr'><strong><em> </em></strong></span> 
     </span>
    </p>
   </div>
  </div>
 </body>
</html>
