<?xml version="1.0" encoding="UTF-8"?>
<!DOCTYPE html PUBLIC "-//W3C//DTD XHTML 1.0 Transitional//EN"
    "http://www.w3.org/TR/xhtml1/DTD/xhtml1-transitional.dtd">
<html xmlns="http://www.w3.org/1999/xhtml" xml:lang="en" lang="en">
 <head>
  <title>
</title>
<meta http-equiv="Content-Type" content="text/html;charset=utf-8" />
  <meta name='ocr-system' content='tesseract 3.04.00' />
  <meta name='ocr-capabilities' content='ocr_page ocr_carea ocr_par ocr_line ocrx_word'/>
</head>
<body>
  <div class='ocr_page' id='page_1' title='image "./dialogisecundum04platgoog_0227.png"; bbox 0 0 2408 3764; ppageno 0'>
   <div class='ocr_carea' id='block_1_1' title="bbox 181 530 954 787">
    <p class='ocr_par' dir='ltr' id='par_1_1' title="bbox 181 530 954 787">
     <span class='ocr_line' id='line_1_1' title="bbox 307 530 870 629; baseline 0.025 -15"><span class='ocrx_word' id='word_1_1' title='bbox 307 535 354 614; x_wconf 86' lang='grc' dir='ltr'><em>Α</em></span> <span class='ocrx_word' id='word_1_2' title='bbox 379 530 423 615; x_wconf 90' lang='grc' dir='ltr'><em>Λ</em></span> <span class='ocrx_word' id='word_1_3' title='bbox 449 533 499 615; x_wconf 88' lang='grc' dir='ltr'><em>Κ</em></span> <span class='ocrx_word' id='word_1_4' title='bbox 520 535 550 613; x_wconf 86' lang='lat' dir='ltr'><em>l</em></span> <span class='ocrx_word' id='word_1_5' title='bbox 573 534 621 614; x_wconf 87' lang='lat' dir='ltr'><em>N</em></span> <span class='ocrx_word' id='word_1_6' title='bbox 648 537 684 615; x_wconf 92' lang='lat'><strong><em>0</em></strong></span> <span class='ocrx_word' id='word_1_7' title='bbox 717 537 753 616; x_wconf 91' lang='grc'><em>0</em></span> <span class='ocrx_word' id='word_1_8' title='bbox 787 537 833 619; x_wconf 90' lang='lat' dir='ltr'><em>Y</em></span> <span class='ocrx_word' id='word_1_9' title='bbox 868 620 870 629; x_wconf 81' lang='grc'>,</span> 
     </span>
     <span class='ocr_line' id='line_1_2' title="bbox 181 650 954 787; baseline -0.005 -23"><span class='ocrx_word' id='word_1_10' title='bbox 181 650 426 779; x_wconf 70' lang='grc' dir='ltr'><em>διδασκαλικῶς</em></span> <span class='ocrx_word' id='word_1_11' title='bbox 448 697 518 763; x_wconf 86' lang='grc' dir='ltr'><em>τῶν</em></span> <span class='ocrx_word' id='word_1_12' title='bbox 543 695 738 780; x_wconf 76' lang='grc' dir='ltr'><em>Πλάτωνος</em></span> <span class='ocrx_word' id='word_1_13' title='bbox 760 689 954 787; x_wconf 70' lang='grc' dir='ltr'><em>δογμάτων,</em></span> 
     </span>
    </p>
   </div>
   <div class='ocr_carea' id='block_1_2' title="bbox 517 874 643 884">
    <p class='ocr_par' dir='ltr' id='par_1_2' title="bbox 517 874 643 884">
     <span class='ocr_line' id='line_1_3' title="bbox 517 874 643 884; baseline 0.008 -1"><span class='ocrx_word' id='word_1_14' title='bbox 517 874 643 884; x_wconf 69' lang='lat' dir='ltr'>—u-n-</span> 
     </span>
    </p>
   </div>
   <div class='ocr_carea' id='block_1_3' title="bbox 8 971 1083 3108">
    <p class='ocr_par' dir='ltr' id='par_1_3' title="bbox 8 971 1083 3083">
     <span class='ocr_line' id='line_1_4' title="bbox 150 971 1073 1079; baseline -0.003 -41"><span class='ocrx_word' id='word_1_15' title='bbox 150 984 172 1038; x_wconf 88' lang='lat'><em>1.</em></span> <span class='ocrx_word' id='word_1_16' title='bbox 198 983 264 1041; x_wconf 84' lang='grc' dir='ltr'><em>Τῶν</em></span> <span class='ocrx_word' id='word_1_17' title='bbox 283 972 473 1060; x_wconf 71' lang='grc' dir='ltr'><em>κυριωτάτων</em></span> <span class='ocrx_word' id='word_1_18' title='bbox 486 975 649 1056; x_wconf 75' lang='grc' dir='ltr'><em>Πλάτωνος</em></span> <span class='ocrx_word' id='word_1_19' title='bbox 669 983 704 1042; x_wconf 84' lang='lat'><em>50</em></span> <span class='ocrx_word' id='word_1_20' title='bbox 724 975 825 1061; x_wconf 77' lang='grc' dir='ltr'><em>μάτων</em></span> <span class='ocrx_word' id='word_1_21' title='bbox 840 971 972 1079; x_wconf 82' lang='grc' dir='ltr'><em>τοιαῦτη</em></span> <span class='ocrx_word' id='word_1_22' title='bbox 977 971 1016 1036; x_wconf 77' lang='lat'><em>50</em></span> <span class='ocrx_word' id='word_1_23' title='bbox 1030 998 1073 1049; x_wconf 87' lang='grc' dir='ltr'><em>τις</em></span> 
     </span>
     <span class='ocr_line' id='line_1_5' title="bbox 44 1053 1074 1166; baseline -0.007 -40"><span class='ocrx_word' id='word_1_24' title='bbox 44 1060 243 1126; x_wconf 75' lang='grc' dir='ltr'><em>’διδασκαλία</em></span> <span class='ocrx_word' id='word_1_25' title='bbox 265 1063 388 1165; x_wconf 81' lang='grc' dir='ltr'><em>γένοιτο</em></span> <span class='ocrx_word' id='word_1_26' title='bbox 418 1066 579 1166; x_wconf 80' lang='grc' dir='ltr'><em>φιλρσοφία</em></span> <span class='ocrx_word' id='word_1_27' title='bbox 548 1063 678 1127; x_wconf 88' lang='grc' dir='ltr'><em>ίέστίν</em></span> <span class='ocrx_word' id='word_1_28' title='bbox 699 1063 792 1166; x_wconf 86' lang='grc' dir='ltr'><em>όρεξις</em></span> <span class='ocrx_word' id='word_1_29' title='bbox 807 1065 881 1143; x_wconf 91' lang='grc' dir='ltr'><em>σοφί</em></span> <span class='ocrx_word' id='word_1_30' title='bbox 878 1088 928 1165; x_wconf 82' lang='grc' dir='ltr'><em>μς,</em></span> <span class='ocrx_word' id='word_1_31' title='bbox 950 1053 1074 1162; x_wconf 80' lang='grc' dir='ltr'><em>ῆλῦσις</em></span> 
     </span>
     <span class='ocr_line' id='line_1_6' title="bbox 66 1139 1072 1254; baseline -0.004 -45"><span class='ocrx_word' id='word_1_32' title='bbox 66 1147 118 1210; x_wconf 77' lang='grc' dir='ltr'><em>καί</em></span> <span class='ocrx_word' id='word_1_33' title='bbox 131 1139 313 1248; x_wconf 74' lang='grc' dir='ltr'><em>περιαγωγὴ</em></span> <span class='ocrx_word' id='word_1_34' title='bbox 316 1151 432 1253; x_wconf 78' lang='grc' dir='ltr'><em>ψυχῆς</em></span> <span class='ocrx_word' id='word_1_35' title='bbox 429 1139 489 1210; x_wconf 83' lang='grc' dir='ltr'><em>ἆπῦ</em></span> <span class='ocrx_word' id='word_1_36' title='bbox 503 1142 649 1254; x_wconf 70' lang='grc' dir='ltr'><em>σώμαγος,</em></span> <span class='ocrx_word' id='word_1_37' title='bbox 674 1141 773 1212; x_wconf 77' lang='grc' dir='ltr'><em>ἐπὶ</em></span> <span class='ocrx_word' id='word_1_38' title='bbox 741 1172 778 1210; x_wconf 89' lang='grc' dir='ltr'><em>τα</em></span> <span class='ocrx_word' id='word_1_39' title='bbox 797 1140 890 1226; x_wconf 81' lang='grc' dir='ltr'><em>νοητῦι</em></span> <span class='ocrx_word' id='word_1_40' title='bbox 905 1140 990 1227; x_wconf 78' lang='grc' dir='ltr'><em>ἡμῶν</em></span> <span class='ocrx_word' id='word_1_41' title='bbox 1009 1167 1072 1247; x_wconf 80' lang='grc' dir='ltr'><em>τρε-</em></span> 
     </span>
     <span class='ocr_line' id='line_1_7' title="bbox 65 1223 1074 1332; baseline -0.004 -38"><span class='ocrx_word' id='word_1_42' title='bbox 65 1231 202 1312; x_wconf 87' lang='grc' dir='ltr'><em>πομένων</em></span> <span class='ocrx_word' id='word_1_43' title='bbox 215 1223 313 1292; x_wconf 80' lang='grc' dir='ltr'><em>καὶ</em></span> <span class='ocrx_word' id='word_1_44' title='bbox 281 1253 318 1290; x_wconf 87' lang='grc' dir='ltr'><em>τα</em></span> <span class='ocrx_word' id='word_1_45' title='bbox 333 1254 387 1291; x_wconf 89' lang='grc' dir='ltr'><em>κατ</em></span> <span class='ocrx_word' id='word_1_46' title='bbox 390 1223 593 1312; x_wconf 75' lang='grc' dir='ltr'><em>ἰἰλῆθειαυ”</em></span> <span class='ocrx_word' id='word_1_47' title='bbox 576 1257 662 1296; x_wconf 90' lang='grc' dir='ltr'><em>οντα·</em></span> <span class='ocrx_word' id='word_1_48' title='bbox 684 1254 744 1314; x_wconf 93' lang='grc' dir='ltr'><em>σοφ</em></span> <span class='ocrx_word' id='word_1_49' title='bbox 744 1235 775 1296; x_wconf 90' lang='grc' dir='ltr'><em>ία</em></span> <span class='ocrx_word' id='word_1_50' title='bbox 791 1232 825 1295; x_wconf 79' lang='grc' dir='ltr'><em>δέ</em></span> <span class='ocrx_word' id='word_1_51' title='bbox 838 1232 917 1293; x_wconf 89' lang='grc' dir='ltr'><em>ἐστιν</em></span> <span class='ocrx_word' id='word_1_52' title='bbox 931 1225 1074 1332; x_wconf 76' lang='grc' dir='ltr'><em>ἐπιστήμη</em></span> 
     </span>
     <span class='ocr_line' id='line_1_8' title="bbox 65 1260 1071 1425; baseline -0.004 -47"><span class='ocrx_word' id='word_1_53' title='bbox 65 1323 159 1417; x_wconf 79' lang='grc' dir='ltr'><em>θείμν</em></span> <span class='ocrx_word' id='word_1_54' title='bbox 173 1337 225 1375; x_wconf 89' lang='grc' dir='ltr'><em>και</em></span> <span class='ocrx_word' id='word_1_55' title='bbox 214 1307 639 1419; x_wconf 78' lang='grc' dir='ltr'><em>ῦνθρωπίνωνπραγμώτων.</em></span> <span class='ocrx_word' id='word_1_56' title='bbox 656 1260 842 1425; x_wconf 82' lang='grc' dir='ltr'><em>φιλόσοφρς</em></span> <span class='ocrx_word' id='word_1_57' title='bbox 834 1315 867 1379; x_wconf 78' lang='grc' dir='ltr'><em>δέ</em></span> <span class='ocrx_word' id='word_1_58' title='bbox 881 1307 985 1377; x_wconf 87' lang='grc' dir='ltr'><em>ἐστινὸ</em></span> <span class='ocrx_word' id='word_1_59' title='bbox 997 1335 1071 1415; x_wconf 75' lang='lat'><strong><em>555-</em></strong></span> 
     </span>
     <span class='ocr_line' id='line_1_9' title="bbox 68 1388 1072 1508; baseline -0.005 -46"><span class='ocrx_word' id='word_1_60' title='bbox 68 1394 190 1476; x_wconf 86' lang='grc' dir='ltr'><em>ωνῦμως</em></span> <span class='ocrx_word' id='word_1_61' title='bbox 207 1389 411 1477; x_wconf 75' lang='grc' dir='ltr'><em>ὠνομασμένος</em></span> <span class='ocrx_word' id='word_1_62' title='bbox 435 1390 495 1461; x_wconf 81' lang='grc' dir='ltr'><em>ἆπὸ</em></span> <span class='ocrx_word' id='word_1_63' title='bbox 512 1406 563 1480; x_wconf 90' lang='grc' dir='ltr'><em>τῆς</em></span> <span class='ocrx_word' id='word_1_64' title='bbox 578 1399 796 1504; x_wconf 78' lang='grc' dir='ltr'><em>φιλοσοφίας,</em></span> <span class='ocrx_word' id='word_1_65' title='bbox 777 1427 816 1476; x_wconf 87' lang='grc' dir='ltr'><em>ως</em></span> <span class='ocrx_word' id='word_1_66' title='bbox 831 1393 1005 1508; x_wconf 76' lang='grc' dir='ltr'><em>ῦμορσικῦς</em></span> <span class='ocrx_word' id='word_1_67' title='bbox 1015 1388 1072 1458; x_wconf 84' lang='grc' dir='ltr'><em>ἆπῦ</em></span> 
     </span>
     <span class='ocr_line' id='line_1_10' title="bbox 67 1473 1075 1586; baseline -0.003 -41"><span class='ocrx_word' id='word_1_68' title='bbox 67 1487 119 1562; x_wconf 88' lang='grc' dir='ltr'><em>τῆς</em></span> <span class='ocrx_word' id='word_1_69' title='bbox 134 1486 286 1584; x_wconf 92' lang='grc' dir='ltr'><em>μουσικῆς·</em></span> <span class='ocrx_word' id='word_1_70' title='bbox 307 1482 472 1561; x_wconf 80' lang='grc' dir='ltr'><em>πεφυκέναι</em></span> <span class='ocrx_word' id='word_1_71' title='bbox 493 1483 525 1546; x_wconf 78' lang='grc' dir='ltr'><em>ῦέ</em></span> <span class='ocrx_word' id='word_1_72' title='bbox 543 1489 648 1546; x_wconf 89' lang='grc' dir='ltr'><em>τοῦτον</em></span> <span class='ocrx_word' id='word_1_73' title='bbox 668 1480 724 1567; x_wconf 85' lang='grc' dir='ltr'><em>χρῆ</em></span> <span class='ocrx_word' id='word_1_74' title='bbox 744 1491 862 1586; x_wconf 89' lang='grc' dir='ltr'><em>πρῶτον</em></span> <span class='ocrx_word' id='word_1_75' title='bbox 882 1485 936 1564; x_wconf 75' lang='grc' dir='ltr'><em>μὲν</em></span> <span class='ocrx_word' id='word_1_76' title='bbox 951 1474 1025 1585; x_wconf 75' lang='lat'><strong><em>5959</em></strong></span> <span class='ocrx_word' id='word_1_77' title='bbox 1038 1473 1075 1543; x_wconf 76' lang='grc' dir='ltr'><em>τὰ</em></span> 
     </span>
     <span class='ocr_line' id='line_1_11' title="bbox 67 1561 1075 1680; baseline 0.002 -54"><span class='ocrx_word' id='word_1_78' title='bbox 67 1561 244 1668; x_wconf 78' lang='grc' dir='ltr'><em>μαθήματα,</em></span> <span class='ocrx_word' id='word_1_79' title='bbox 259 1561 315 1628; x_wconf 70' lang='grc' dir='ltr'><em>ὅσα</em></span> <span class='ocrx_word' id='word_1_80' title='bbox 330 1562 454 1630; x_wconf 85' lang='grc' dir='ltr'><em>ῦῦναται</em></span> <span class='ocrx_word' id='word_1_81' title='bbox 467 1573 673 1680; x_wconf 73' lang='grc' dir='ltr'><em>προροικειοῦυ</em></span> <span class='ocrx_word' id='word_1_82' title='bbox 688 1570 739 1630; x_wconf 81' lang='grc' dir='ltr'><em>καὶ</em></span> <span class='ocrx_word' id='word_1_83' title='bbox 754 1564 915 1651; x_wconf 76' lang='grc' dir='ltr'><em>προσάγειν</em></span> <span class='ocrx_word' id='word_1_84' title='bbox 933 1561 1025 1629; x_wconf 83' lang='grc' dir='ltr'><em>αῦτῦν</em></span> <span class='ocrx_word' id='word_1_85' title='bbox 1038 1569 1075 1648; x_wconf 88' lang='grc' dir='ltr'><em>τῆ</em></span> 
     </span>
     <span class='ocr_line' id='line_1_12' title="bbox 66 1644 1073 1760; baseline -0.002 -47"><span class='ocrx_word' id='word_1_86' title='bbox 66 1645 173 1760; x_wconf 78' lang='grc' dir='ltr'><em>γνώσει</em></span> <span class='ocrx_word' id='word_1_87' title='bbox 192 1655 244 1758; x_wconf 84' lang='grc' dir='ltr'><em>τῆς</em></span> <span class='ocrx_word' id='word_1_88' title='bbox 259 1657 365 1754; x_wconf 82' lang='grc' dir='ltr'><em>νοητῆς</em></span> <span class='ocrx_word' id='word_1_89' title='bbox 379 1644 479 1754; x_wconf 86' lang='grc' dir='ltr'><em>οῦσίας</em></span> <span class='ocrx_word' id='word_1_90' title='bbox 494 1655 546 1716; x_wconf 80' lang='grc' dir='ltr'><em>καὶ</em></span> <span class='ocrx_word' id='word_1_91' title='bbox 565 1679 606 1734; x_wconf 90' lang='grc' dir='ltr'><em>μη</em></span> <span class='ocrx_word' id='word_1_92' title='bbox 594 1647 812 1732; x_wconf 77' lang='grc' dir='ltr'><em>πλανωμένης</em></span> <span class='ocrx_word' id='word_1_93' title='bbox 830 1677 860 1714; x_wconf 87' lang='grc' dir='ltr'><em>τε</em></span> <span class='ocrx_word' id='word_1_94' title='bbox 879 1652 930 1713; x_wconf 80' lang='grc' dir='ltr'><em>καί</em></span> <span class='ocrx_word' id='word_1_95' title='bbox 944 1653 1073 1732; x_wconf 77' lang='grc' dir='ltr'><em>ῥευστῆς,</em></span> 
     </span>
     <span class='ocr_line' id='line_1_13' title="bbox 68 1729 1074 1840; baseline -0.002 -42"><span class='ocrx_word' id='word_1_96' title='bbox 68 1737 166 1798; x_wconf 74' lang='grc' dir='ltr'><em>ἔπειτα</em></span> <span class='ocrx_word' id='word_1_97' title='bbox 178 1734 226 1798; x_wconf 82' lang='lat'><em>55</em></span> <span class='ocrx_word' id='word_1_98' title='bbox 219 1729 293 1840; x_wconf 85' lang='grc' dir='ltr'><em>πρὸς</em></span> <span class='ocrx_word' id='word_1_99' title='bbox 303 1729 359 1816; x_wconf 86' lang='grc' dir='ltr'><em>τῆν</em></span> <span class='ocrx_word' id='word_1_100' title='bbox 370 1729 549 1840; x_wconf 73' lang='lat'><strong><em>5555555&#39;&#39;</em></strong></span> <span class='ocrx_word' id='word_1_101' title='bbox 531 1763 606 1820; x_wconf 85' lang='grc' dir='ltr'><em>εχειυ</em></span> <span class='ocrx_word' id='word_1_102' title='bbox 621 1739 766 1839; x_wconf 77' lang='grc' dir='ltr'><em>ἐρωτικῶς</em></span> <span class='ocrx_word' id='word_1_103' title='bbox 783 1737 835 1798; x_wconf 85' lang='grc' dir='ltr'><em>καί</em></span> <span class='ocrx_word' id='word_1_104' title='bbox 846 1738 968 1834; x_wconf 80' lang='grc' dir='ltr'><em>μηδαμῆ</em></span> <span class='ocrx_word' id='word_1_105' title='bbox 985 1757 1074 1816; x_wconf 88' lang='grc' dir='ltr'><em>προς-</em></span> 
     </span>
     <span class='ocr_line' id='line_1_14' title="bbox 67 1815 1083 1928; baseline -0.003 -46.937"><span class='ocrx_word' id='word_1_106' title='bbox 67 1815 248 1928; x_wconf 78' lang='grc' dir='ltr'><em>ῦέχεσθριι</em></span> <span class='ocrx_word' id='word_1_107' title='bbox 220 1844 252 1882; x_wconf 93' lang='grc' dir='ltr'><em>το</em></span> <span class='ocrx_word' id='word_1_108' title='bbox 264 1824 396 1923; x_wconf 81' lang='grc' dir='ltr'><em>ψεῆῦος,</em></span> <span class='ocrx_word' id='word_1_109' title='bbox 400 1822 453 1885; x_wconf 84' lang='grc' dir='ltr'><em>ἐπί</em></span> <span class='ocrx_word' id='word_1_110' title='bbox 466 1819 578 1898; x_wconf 79' lang='grc' dir='ltr'><em>τούτοις</em></span> <span class='ocrx_word' id='word_1_111' title='bbox 593 1822 624 1886; x_wconf 80' lang='lat'><em>55</em></span> <span class='ocrx_word' id='word_1_112' title='bbox 641 1822 691 1885; x_wconf 88' lang='grc' dir='ltr'><em>καί</em></span> <span class='ocrx_word' id='word_1_113' title='bbox 705 1817 792 1901; x_wconf 75' lang='grc' dir='ltr'><em>φύσει</em></span> <span class='ocrx_word' id='word_1_114' title='bbox 801 1843 863 1894; x_wconf 87' lang='grc' dir='ltr'><em>πως</em></span> <span class='ocrx_word' id='word_1_115' title='bbox 878 1815 1020 1899; x_wconf 88' lang='grc' dir='ltr'><em>σώφρονα</em></span> <span class='ocrx_word' id='word_1_116' title='bbox 1035 1815 1075 1879; x_wconf 84' lang='grc' dir='ltr'><em>εἷ·</em></span> <span class='ocrx_word' id='word_1_117' title='bbox 1079 1870 1083 1878; x_wconf 96' lang='grc'><em>.</em></span> 
     </span>
     <span class='ocr_line' id='line_1_15' title="bbox 67 1898 1075 2011; baseline -0.005 -44"><span class='ocrx_word' id='word_1_118' title='bbox 67 1929 117 1968; x_wconf 91' lang='grc' dir='ltr'><em>ναι</em></span> <span class='ocrx_word' id='word_1_119' title='bbox 135 1898 278 1966; x_wconf 76' lang='grc' dir='ltr'><em>καὶκατὰ</em></span> <span class='ocrx_word' id='word_1_120' title='bbox 296 1899 329 1967; x_wconf 84' lang='grc' dir='ltr'><em>τὸ</em></span> <span class='ocrx_word' id='word_1_121' title='bbox 347 1901 519 1988; x_wconf 79' lang='grc' dir='ltr'><em>παθητικὸν</em></span> <span class='ocrx_word' id='word_1_122' title='bbox 540 1912 591 2007; x_wconf 90' lang='grc' dir='ltr'><em>τῆς</em></span> <span class='ocrx_word' id='word_1_123' title='bbox 611 1911 711 1987; x_wconf 78' lang='grc' dir='ltr'><em>ψυχῆς</em></span> <span class='ocrx_word' id='word_1_124' title='bbox 729 1909 863 2009; x_wconf 79' lang='grc' dir='ltr'><em>φυσικῶς</em></span> <span class='ocrx_word' id='word_1_125' title='bbox 884 1903 1075 2011; x_wconf 80' lang='grc' dir='ltr'><em>κμτεσταλμέ-</em></span> 
     </span>
     <span class='ocr_line' id='line_1_16' title="bbox 68 1982 1076 2094; baseline -0.005 -44"><span class='ocrx_word' id='word_1_126' title='bbox 68 2013 130 2051; x_wconf 88' lang='grc' dir='ltr'><em>νον.</em></span> <span class='ocrx_word' id='word_1_127' title='bbox 152 1983 168 2052; x_wconf 90' lang='lat'><strong><em>5</em></strong></span> <span class='ocrx_word' id='word_1_128' title='bbox 189 1982 247 2072; x_wconf 76' lang='grc' dir='ltr'><em>γὰρ</em></span> <span class='ocrx_word' id='word_1_129' title='bbox 264 1989 414 2093; x_wconf 77' lang='grc' dir='ltr'><em>ἐφιέμενος</em></span> <span class='ocrx_word' id='word_1_130' title='bbox 433 1986 620 2094; x_wconf 75' lang='grc' dir='ltr'><em>μαθημάτων</em></span> <span class='ocrx_word' id='word_1_131' title='bbox 634 1990 719 2072; x_wconf 79' lang='grc' dir='ltr'><em>περὶ</em></span> <span class='ocrx_word' id='word_1_132' title='bbox 720 1983 759 2092; x_wconf 75' lang='lat'><em>55</em></span> <span class='ocrx_word' id='word_1_133' title='bbox 772 1985 843 2052; x_wconf 78' lang='grc' dir='ltr'><em>ὄντα</em></span> <span class='ocrx_word' id='word_1_134' title='bbox 857 2013 908 2050; x_wconf 89' lang='grc' dir='ltr'><em>και</em></span> <span class='ocrx_word' id='word_1_135' title='bbox 898 1986 970 2048; x_wconf 80' lang='grc' dir='ltr'><em>ἐπὶ</em></span> <span class='ocrx_word' id='word_1_136' title='bbox 984 1992 1076 2047; x_wconf 88' lang='grc' dir='ltr'><em>ταῦτα</em></span> 
     </span>
     <span class='ocr_line' id='line_1_17' title="bbox 67 2066 1077 2178; baseline -0.007 -42"><span class='ocrx_word' id='word_1_137' title='bbox 67 2073 181 2156; x_wconf 78' lang='grc' dir='ltr'><em>τρέπων</em></span> <span class='ocrx_word' id='word_1_138' title='bbox 197 2067 352 2136; x_wconf 77' lang='grc' dir='ltr'><em>ἑαυτοῦ</em></span> <span class='ocrx_word' id='word_1_139' title='bbox 321 2097 376 2155; x_wconf 91' lang='grc' dir='ltr'><em>την</em></span> <span class='ocrx_word' id='word_1_140' title='bbox 395 2071 519 2178; x_wconf 79' lang='grc' dir='ltr'><em>ὄρεξιν</em></span> <span class='ocrx_word' id='word_1_141' title='bbox 507 2100 541 2138; x_wconf 93' lang='grc' dir='ltr'><em>ου</em></span> <span class='ocrx_word' id='word_1_142' title='bbox 531 2067 743 2177; x_wconf 80' lang='grc' dir='ltr'><em>’θαυμάζοι</em></span> <span class='ocrx_word' id='word_1_143' title='bbox 723 2100 762 2137; x_wconf 90' lang='grc' dir='ltr'><em>αν</em></span> <span class='ocrx_word' id='word_1_144' title='bbox 775 2068 827 2148; x_wconf 76' lang='grc' dir='ltr'><em>τὰς</em></span> <span class='ocrx_word' id='word_1_145' title='bbox 841 2066 962 2154; x_wconf 79' lang='lat'><strong><em>550559.</em></strong></span> <span class='ocrx_word' id='word_1_146' title='bbox 984 2072 1033 2131; x_wconf 80' lang='grc' dir='ltr'><em>δεῖ</em></span> <span class='ocrx_word' id='word_1_147' title='bbox 1044 2069 1077 2131; x_wconf 80' lang='grc' dir='ltr'><em>δὲ</em></span> 
     </span>
     <span class='ocr_line' id='line_1_18' title="bbox 67 2153 1076 2306; baseline -0.005 -86"><span class='ocrx_word' id='word_1_148' title='bbox 67 2159 120 2259; x_wconf 66' lang='grc' dir='ltr'><em>καί</em></span> <span class='ocrx_word' id='word_1_149' title='bbox 134 2158 303 2261; x_wconf 83' lang='grc' dir='ltr'><em>ἐλευθέριον</em></span> <span class='ocrx_word' id='word_1_150' title='bbox 316 2154 443 2222; x_wconf 74' lang='grc' dir='ltr'><em>εἶναι’</em></span> <span class='ocrx_word' id='word_1_151' title='bbox 406 2184 456 2306; x_wconf 72' lang='grc' dir='ltr'><em>τηί</em></span> <span class='ocrx_word' id='word_1_152' title='bbox 456 2155 559 2246; x_wconf 84' lang='grc' dir='ltr'><em>γνώμη</em></span> <span class='ocrx_word' id='word_1_153' title='bbox 568 2153 620 2223; x_wconf 79' lang='grc' dir='ltr'><em>τὸν</em></span> <span class='ocrx_word' id='word_1_154' title='bbox 629 2161 771 2261; x_wconf 69' lang='lat'><strong><em>55550555</em></strong></span> <span class='ocrx_word' id='word_1_155' title='bbox 782 2162 971 2258; x_wconf 86' lang='grc' dir='ltr'><em>φιλοσοφεῖν·</em></span> <span class='ocrx_word' id='word_1_156' title='bbox 990 2154 1076 2217; x_wconf 86' lang='grc' dir='ltr'><em>ἐναν-</em></span> 
     </span>
     <span class='ocr_line' id='line_1_19' title="bbox 66 2233 1077 2351; baseline -0.003 -47"><span class='ocrx_word' id='word_1_157' title='bbox 66 2237 208 2304; x_wconf 87' lang='grc' dir='ltr'><em>τιώτατον</em></span> <span class='ocrx_word' id='word_1_158' title='bbox 227 2237 284 2324; x_wconf 76' lang='grc' dir='ltr'><em>γὰρ</em></span> <span class='ocrx_word' id='word_1_159' title='bbox 299 2246 456 2351; x_wconf 84' lang='grc' dir='ltr'><em>μικρολογί</em></span> <span class='ocrx_word' id='word_1_160' title='bbox 454 2268 473 2306; x_wconf 91' lang='grc' dir='ltr'><em>α</em></span> <span class='ocrx_word' id='word_1_161' title='bbox 487 2249 581 2344; x_wconf 78' lang='grc' dir='ltr'><em>φυγῆ</em></span> <span class='ocrx_word' id='word_1_162' title='bbox 587 2239 733 2329; x_wconf 84' lang='grc' dir='ltr'><em>μελλοῦση</em></span> <span class='ocrx_word' id='word_1_163' title='bbox 748 2249 879 2350; x_wconf 79' lang='grc' dir='ltr'><em>θεωρεῖν</em></span> <span class='ocrx_word' id='word_1_164' title='bbox 888 2266 926 2304; x_wconf 87' lang='grc' dir='ltr'><em>τα</em></span> <span class='ocrx_word' id='word_1_165' title='bbox 914 2233 1011 2342; x_wconf 74' lang='grc' dir='ltr'><em>θεῖα</em></span> <span class='ocrx_word' id='word_1_166' title='bbox 1026 2239 1077 2341; x_wconf 73' lang='grc' dir='ltr'><em>καὶ</em></span> 
     </span>
     <span class='ocr_line' id='line_1_20' title="bbox 67 2318 1075 2434; baseline -0.002 -46"><span class='ocrx_word' id='word_1_167' title='bbox 67 2318 260 2424; x_wconf 73' lang='grc' dir='ltr'><em>ἀνθρώπινα.</em></span> <span class='ocrx_word' id='word_1_168' title='bbox 279 2321 423 2429; x_wconf 77' lang='grc' dir='ltr'><em>καὶπρὸς</em></span> <span class='ocrx_word' id='word_1_169' title='bbox 444 2323 638 2430; x_wconf 80' lang='grc' dir='ltr'><em>ῦικαιοσῆνην</em></span> <span class='ocrx_word' id='word_1_170' title='bbox 659 2328 691 2390; x_wconf 80' lang='lat'><em>55</em></span> <span class='ocrx_word' id='word_1_171' title='bbox 707 2327 877 2434; x_wconf 68' lang='grc' dir='ltr'><em>πεφυκέναι</em></span> <span class='ocrx_word' id='word_1_172' title='bbox 898 2319 953 2429; x_wconf 86' lang='grc' dir='ltr'><em>χρῆ</em></span> <span class='ocrx_word' id='word_1_173' title='bbox 975 2318 1075 2398; x_wconf 78' lang='grc' dir='ltr'><em>αὐτόν,</em></span> 
     </span>
     <span class='ocr_line' id='line_1_21' title="bbox 67 2403 1074 2515; baseline -0.001 -43"><span class='ocrx_word' id='word_1_174' title='bbox 67 2412 126 2512; x_wconf 85' lang='grc' dir='ltr'><em>εἴγε</em></span> <span class='ocrx_word' id='word_1_175' title='bbox 140 2410 191 2472; x_wconf 78' lang='grc' dir='ltr'><em>καί</em></span> <span class='ocrx_word' id='word_1_176' title='bbox 207 2403 280 2492; x_wconf 86' lang='grc' dir='ltr'><em>πρὸς</em></span> <span class='ocrx_word' id='word_1_177' title='bbox 294 2403 441 2514; x_wconf 83' lang='grc' dir='ltr'><em>ἆλῆθειαν</em></span> <span class='ocrx_word' id='word_1_178' title='bbox 456 2411 507 2474; x_wconf 87' lang='grc' dir='ltr'><em>καί</em></span> <span class='ocrx_word' id='word_1_179' title='bbox 520 2406 595 2512; x_wconf 81' lang='grc' dir='ltr'><em>πρὸς</em></span> <span class='ocrx_word' id='word_1_180' title='bbox 614 2413 787 2515; x_wconf 77' lang='grc' dir='ltr'><em>ἐλευθερίαν</em></span> <span class='ocrx_word' id='word_1_181' title='bbox 802 2405 941 2512; x_wconf 82' lang='grc' dir='ltr'><em>καὶπρὸς</em></span> <span class='ocrx_word' id='word_1_182' title='bbox 957 2427 1074 2491; x_wconf 89' lang='grc' dir='ltr'><em>σωφρο-</em></span> 
     </span>
     <span class='ocr_line' id='line_1_22' title="bbox 68 2488 1082 2602; baseline -0.006 -45"><span class='ocrx_word' id='word_1_183' title='bbox 68 2493 172 2574; x_wconf 80' lang='grc' dir='ltr'><em>σύνην,</em></span> <span class='ocrx_word' id='word_1_184' title='bbox 186 2498 338 2597; x_wconf 82' lang='grc' dir='ltr'><em>προσεῖνμι</em></span> <span class='ocrx_word' id='word_1_185' title='bbox 351 2488 434 2558; x_wconf 79' lang='grc' dir='ltr'><em>δὲ’</em></span> <span class='ocrx_word' id='word_1_186' title='bbox 396 2519 476 2580; x_wconf 92' lang='grc' dir='ltr'><em>αυτω</em></span> <span class='ocrx_word' id='word_1_187' title='bbox 463 2496 540 2558; x_wconf 83' lang='grc' dir='ltr'><em>καί</em></span> <span class='ocrx_word' id='word_1_188' title='bbox 551 2488 716 2602; x_wconf 80' lang='grc' dir='ltr'><em>εῦμώθειαν</em></span> <span class='ocrx_word' id='word_1_189' title='bbox 727 2496 777 2559; x_wconf 81' lang='grc' dir='ltr'><em>καὶ</em></span> <span class='ocrx_word' id='word_1_190' title='bbox 788 2490 922 2578; x_wconf 77' lang='grc' dir='ltr'><em>μνήμην·</em></span> <span class='ocrx_word' id='word_1_191' title='bbox 939 2497 1082 2556; x_wconf 82' lang='grc' dir='ltr'><em>είδοποιεῖ</em></span> 
     </span>
     <span class='ocr_line' id='line_1_23' title="bbox 68 2558 1076 2660; baseline -0.006 -18"><span class='ocrx_word' id='word_1_192' title='bbox 68 2578 101 2642; x_wconf 78' lang='lat'><em>55</em></span> <span class='ocrx_word' id='word_1_193' title='bbox 115 2579 166 2640; x_wconf 86' lang='grc' dir='ltr'><em>καί</em></span> <span class='ocrx_word' id='word_1_194' title='bbox 179 2583 271 2641; x_wconf 87' lang='grc' dir='ltr'><em>ταῦτα</em></span> <span class='ocrx_word' id='word_1_195' title='bbox 284 2573 336 2640; x_wconf 79' lang='grc' dir='ltr'><em>τὸν</em></span> <span class='ocrx_word' id='word_1_196' title='bbox 350 2558 523 2660; x_wconf 81' lang='grc' dir='ltr'><em>φιλόσοφον.</em></span> <span class='ocrx_word' id='word_1_197' title='bbox 546 2570 633 2644; x_wconf 88' lang='grc' dir='ltr'><em>αῦται</em></span> <span class='ocrx_word' id='word_1_198' title='bbox 648 2579 681 2644; x_wconf 82' lang='lat'><em>55</em></span> <span class='ocrx_word' id='word_1_199' title='bbox 694 2582 728 2642; x_wconf 82' lang='grc' dir='ltr'><em>αἱ</em></span> <span class='ocrx_word' id='word_1_200' title='bbox 739 2573 862 2659; x_wconf 82' lang='grc' dir='ltr'><em>εῦφυΐαι</em></span> <span class='ocrx_word' id='word_1_201' title='bbox 874 2574 1054 2649; x_wconf 79' lang='grc' dir='ltr'><em>παιδείας</em></span> <span class='ocrx_word' id='word_1_202' title='bbox 1022 2600 1076 2654; x_wconf 89' lang='grc' dir='ltr'><em>μεν</em></span> 
     </span>
     <span class='ocr_line' id='line_1_24' title="bbox 67 2653 1075 2812; baseline -0.006 -87"><span class='ocrx_word' id='word_1_203' title='bbox 67 2656 163 2744; x_wconf 79' lang='grc' dir='ltr'><em>ὀρθῆς</em></span> <span class='ocrx_word' id='word_1_204' title='bbox 177 2663 229 2724; x_wconf 77' lang='grc' dir='ltr'><em>καὶ</em></span> <span class='ocrx_word' id='word_1_205' title='bbox 221 2669 359 2767; x_wconf 85' lang='grc' dir='ltr'><em>τροφῆς</em></span> <span class='ocrx_word' id='word_1_206' title='bbox 374 2670 425 2746; x_wconf 89' lang='grc' dir='ltr'><em>τῆς</em></span> <span class='ocrx_word' id='word_1_207' title='bbox 433 2660 649 2765; x_wconf 65' lang='grc' dir='ltr'><em>προσηκούσης</em></span> <span class='ocrx_word' id='word_1_208' title='bbox 658 2670 808 2812; x_wconf 69' lang='grc' dir='ltr'><em>ὲτυχοῦσαι</em></span> <span class='ocrx_word' id='word_1_209' title='bbox 827 2664 924 2731; x_wconf 83' lang='grc' dir='ltr'><em>τέλεον</em></span> <span class='ocrx_word' id='word_1_210' title='bbox 930 2653 1075 2768; x_wconf 70' lang='grc' dir='ltr'><em>ἀποφαί-</em></span> 
     </span>
     <span class='ocr_line' id='line_1_25' title="bbox 8 2740 1076 2854; baseline -0.002 -46"><span class='ocrx_word' id='word_1_211' title='bbox 8 2762 14 2779; x_wconf 85' lang='grc'><em>’</em></span> <span class='ocrx_word' id='word_1_212' title='bbox 67 2764 154 2810; x_wconf 90' lang='grc' dir='ltr'><em>νουσι</em></span> <span class='ocrx_word' id='word_1_213' title='bbox 175 2740 248 2829; x_wconf 82' lang='grc' dir='ltr'><em>πρὸς</em></span> <span class='ocrx_word' id='word_1_214' title='bbox 269 2742 394 2829; x_wconf 76' lang='grc' dir='ltr'><em>οἷρετῆν,</em></span> <span class='ocrx_word' id='word_1_215' title='bbox 423 2740 671 2853; x_wconf 79' lang='grc' dir='ltr'><em>ἆμεληθεῐσαιῦέ</em></span> <span class='ocrx_word' id='word_1_216' title='bbox 697 2744 854 2854; x_wconf 76' lang='grc' dir='ltr'><em>μεγῆλων</em></span> <span class='ocrx_word' id='word_1_217' title='bbox 861 2749 963 2809; x_wconf 91' lang='grc' dir='ltr'><em>κακῶν</em></span> <span class='ocrx_word' id='word_1_218' title='bbox 984 2745 1076 2806; x_wconf 83' lang='grc' dir='ltr'><em>αἴτιαι</em></span> 
     </span>
     <span class='ocr_line' id='line_1_26' title="bbox 67 2821 1075 2938; baseline -0.003 -44"><span class='ocrx_word' id='word_1_219' title='bbox 67 2834 214 2932; x_wconf 89' lang='grc' dir='ltr'><em>γίνονται·</em></span> <span class='ocrx_word' id='word_1_220' title='bbox 238 2830 345 2934; x_wconf 77' lang='grc' dir='ltr'><em>τούτοις</em></span> <span class='ocrx_word' id='word_1_221' title='bbox 365 2832 397 2895; x_wconf 81' lang='grc' dir='ltr'><em>ῦέ</em></span> <span class='ocrx_word' id='word_1_222' title='bbox 412 2826 496 2894; x_wconf 80' lang='lat'><strong><em>555‘</em></strong></span> <span class='ocrx_word' id='word_1_223' title='bbox 484 2831 647 2937; x_wconf 89' lang='grc' dir='ltr'><em>ομωυῦμως</em></span> <span class='ocrx_word' id='word_1_224' title='bbox 668 2840 731 2938; x_wconf 72' lang='lat'><strong><em>5559</em></strong></span> <span class='ocrx_word' id='word_1_225' title='bbox 747 2825 865 2914; x_wconf 81' lang='grc' dir='ltr'><em>ἆρεταῐς</em></span> <span class='ocrx_word' id='word_1_226' title='bbox 880 2833 987 2894; x_wconf 82' lang='grc' dir='ltr'><em>εἴωθεν</em></span> <span class='ocrx_word' id='word_1_227' title='bbox 1007 2821 1075 2891; x_wconf 82' lang='grc' dir='ltr'><em>ὀνο-</em></span> 
     </span>
     <span class='ocr_line' id='line_1_27' title="bbox 67 2906 1075 3021; baseline -0.002 -45"><span class='ocrx_word' id='word_1_228' title='bbox 67 2906 201 2996; x_wconf 77' lang='grc' dir='ltr'><em>μάζειν</em></span> <span class='ocrx_word' id='word_1_229' title='bbox 188 2939 205 2976; x_wconf 98' lang='grc' dir='ltr'><em>ο</em></span> <span class='ocrx_word' id='word_1_230' title='bbox 221 2911 366 2990; x_wconf 83' lang='grc' dir='ltr'><em>Πλώτων,</em></span> <span class='ocrx_word' id='word_1_231' title='bbox 361 2915 562 3021; x_wconf 74' lang='lat'><strong><em>655500555</em></strong></span> <span class='ocrx_word' id='word_1_232' title='bbox 577 2942 607 2980; x_wconf 88' lang='grc' dir='ltr'><em>τε</em></span> <span class='ocrx_word' id='word_1_233' title='bbox 621 2917 672 2980; x_wconf 83' lang='grc' dir='ltr'><em>καί</em></span> <span class='ocrx_word' id='word_1_234' title='bbox 686 2912 802 3001; x_wconf 74' lang='grc' dir='ltr'><em>ἄνδρεί</em></span> <span class='ocrx_word' id='word_1_235' title='bbox 790 2941 809 2977; x_wconf 90' lang='grc' dir='ltr'><em>α</em></span> <span class='ocrx_word' id='word_1_236' title='bbox 824 2940 875 2977; x_wconf 87' lang='grc' dir='ltr'><em>και</em></span> <span class='ocrx_word' id='word_1_237' title='bbox 865 2909 1075 2999; x_wconf 79' lang='grc' dir='ltr'><em>δικαιοσύνη</em></span> 
     </span>
     <span class='ocr_line' id='line_1_28' title="bbox 152 2978 1077 3108; baseline 0.002 -50"><span class='ocrx_word' id='word_1_238' title='bbox 152 3004 186 3058; x_wconf 88' lang='grc' dir='ltr'><em>Π.</em></span> <span class='ocrx_word' id='word_1_239' title='bbox 209 2991 411 3062; x_wconf 73' lang='grc' dir='ltr'><em>Διττοῦῦ”’</em></span> <span class='ocrx_word' id='word_1_240' title='bbox 394 3024 477 3108; x_wconf 82' lang='grc' dir='ltr'><em>ρντος</em></span> <span class='ocrx_word' id='word_1_241' title='bbox 492 3026 543 3064; x_wconf 88' lang='grc' dir='ltr'><em>του</em></span> <span class='ocrx_word' id='word_1_242' title='bbox 531 3004 592 3083; x_wconf 88' lang='grc' dir='ltr'><em>βί</em></span> <span class='ocrx_word' id='word_1_243' title='bbox 591 3027 641 3077; x_wconf 89' lang='grc' dir='ltr'><em>ου,</em></span> <span class='ocrx_word' id='word_1_244' title='bbox 662 3024 715 3063; x_wconf 88' lang='grc' dir='ltr'><em>του</em></span> <span class='ocrx_word' id='word_1_245' title='bbox 702 2978 802 3101; x_wconf 78' lang='grc' dir='ltr'><em>μὲμ</em></span> <span class='ocrx_word' id='word_1_246' title='bbox 800 3002 1001 3081; x_wconf 83' lang='grc' dir='ltr'><em>θεωρητικοῦ,</em></span> <span class='ocrx_word' id='word_1_247' title='bbox 1023 3002 1077 3060; x_wconf 91' lang='grc' dir='ltr'><em>τοῦ</em></span> 
     </span>
    </p>
   </div>
   <div class='ocr_carea' id='block_1_4' title="bbox 40 3078 1077 3336">
    <p class='ocr_par' dir='ltr' id='par_1_4' title="bbox 40 3078 1077 3336">
     <span class='ocr_line' id='line_1_29' title="bbox 69 3078 1077 3192; baseline -0.002 -46"><span class='ocrx_word' id='word_1_248' title='bbox 69 3082 101 3146; x_wconf 81' lang='lat'><em>55</em></span> <span class='ocrx_word' id='word_1_249' title='bbox 114 3089 287 3192; x_wconf 82' lang='grc' dir='ltr'><em>πρακτικοῦ,</em></span> <span class='ocrx_word' id='word_1_250' title='bbox 304 3088 358 3146; x_wconf 91' lang='grc' dir='ltr'><em>τοῦ</em></span> <span class='ocrx_word' id='word_1_251' title='bbox 371 3084 425 3164; x_wconf 78' lang='grc' dir='ltr'><em>μὲν</em></span> <span class='ocrx_word' id='word_1_252' title='bbox 438 3092 623 3168; x_wconf 77' lang='grc' dir='ltr'><em>θεωρητικοῦ</em></span> <span class='ocrx_word' id='word_1_253' title='bbox 637 3080 669 3148; x_wconf 86' lang='grc' dir='ltr'><em>τὸ</em></span> <span class='ocrx_word' id='word_1_254' title='bbox 692 3079 857 3163; x_wconf 78' lang='grc' dir='ltr'><em>κεφάλαιον</em></span> <span class='ocrx_word' id='word_1_255' title='bbox 872 3083 979 3192; x_wconf 78' lang='grc' dir='ltr'><em>ἔντη</em></span> <span class='ocrx_word' id='word_1_256' title='bbox 970 3078 1077 3164; x_wconf 87' lang='grc' dir='ltr'><em>γνώσει</em></span> 
     </span>
     <span class='ocr_line' id='line_1_30' title="bbox 40 3166 1076 3278; baseline -0.002 -47"><span class='ocrx_word' id='word_1_257' title='bbox 40 3183 47 3198; x_wconf 69' lang='grc'><strong>“</strong></span> <span class='ocrx_word' id='word_1_258' title='bbox 67 3173 119 3248; x_wconf 92' lang='grc' dir='ltr'><em>τῆς</em></span> <span class='ocrx_word' id='word_1_259' title='bbox 129 3166 275 3269; x_wconf 74' lang='grc' dir='ltr'><em>ἀληθείας</em></span> <span class='ocrx_word' id='word_1_260' title='bbox 289 3174 392 3272; x_wconf 77' lang='grc' dir='ltr'><em>κεῖται,</em></span> <span class='ocrx_word' id='word_1_261' title='bbox 406 3174 460 3232; x_wconf 91' lang='grc' dir='ltr'><em>τοῦ</em></span> <span class='ocrx_word' id='word_1_262' title='bbox 473 3175 638 3253; x_wconf 89' lang='grc' dir='ltr'><em>πρακτικοῦ</em></span> <span class='ocrx_word' id='word_1_263' title='bbox 654 3167 686 3231; x_wconf 78' lang='grc' dir='ltr'><em>δὲ</em></span> <span class='ocrx_word' id='word_1_264' title='bbox 700 3167 732 3230; x_wconf 86' lang='grc' dir='ltr'><em>ἐν</em></span> <span class='ocrx_word' id='word_1_265' title='bbox 743 3193 784 3253; x_wconf 81' lang='grc' dir='ltr'><em>τῳ</em></span> <span class='ocrx_word' id='word_1_266' title='bbox 771 3170 953 3270; x_wconf 81' lang='grc' dir='ltr'><em>πρῶξαιτα</em></span> <span class='ocrx_word' id='word_1_267' title='bbox 963 3168 1076 3278; x_wconf 69' lang='grc' dir='ltr'><em>ῦπῆγο-</em></span> 
     </span>
     <span class='ocr_line' id='line_1_31' title="bbox 69 3232 1076 3336; baseline -0.001 -21"><span class='ocrx_word' id='word_1_268' title='bbox 69 3249 210 3336; x_wconf 88' lang='grc' dir='ltr'><em>ρευόμενα</em></span> <span class='ocrx_word' id='word_1_269' title='bbox 225 3252 257 3316; x_wconf 84' lang='grc' dir='ltr'><em>ἐκ</em></span> <span class='ocrx_word' id='word_1_270' title='bbox 272 3258 324 3315; x_wconf 90' lang='grc' dir='ltr'><em>τοῦ</em></span> <span class='ocrx_word' id='word_1_271' title='bbox 340 3249 437 3336; x_wconf 89' lang='grc' dir='ltr'><em>λόγου.</em></span> <span class='ocrx_word' id='word_1_272' title='bbox 463 3256 556 3335; x_wconf 87' lang='grc' dir='ltr'><em>τίμιος</em></span> <span class='ocrx_word' id='word_1_273' title='bbox 570 3253 623 3333; x_wconf 86' lang='grc' dir='ltr'><em>μέν</em></span> <span class='ocrx_word' id='word_1_274' title='bbox 638 3245 705 3333; x_wconf 86' lang='lat'><em>55</em></span> <span class='ocrx_word' id='word_1_275' title='bbox 693 3276 708 3314; x_wconf 96' lang='lat'><strong><em>0</em></strong></span> <span class='ocrx_word' id='word_1_276' title='bbox 723 3232 905 3334; x_wconf 76' lang='grc' dir='ltr'><em>θεωρητικὸς</em></span> <span class='ocrx_word' id='word_1_277' title='bbox 918 3253 1022 3336; x_wconf 54' lang='grc' dir='ltr'><em>βίος,ρ</em></span> <span class='ocrx_word' id='word_1_278' title='bbox 1009 3249 1076 3316; x_wconf 84' lang='grc' dir='ltr'><em>επῦ</em></span> 
     </span>
    </p>
   </div>
   <div class='ocr_carea' id='block_1_5' title="bbox 0 0 1209 3764">
    <p class='ocr_par' dir='ltr' id='par_1_5' title="bbox 0 0 1209 3764">
     <span class='ocr_line' id='line_1_32' title="bbox 0 0 1209 3764; baseline 0 0"><span class='ocrx_word' id='word_1_279' title='bbox 0 0 1209 3764; x_wconf 95' lang='lat' dir='ltr'><em> </em></span> 
     </span>
    </p>
   </div>
  </div>
 </body>
</html>
