2408 3764
69 210 105 267 47
360 202 482 262 ΒΙΟΣ
499 204 604 261 ΠΛΑ
614 201 789 261 ΤΩΝΟΣ.
1017 199 1078 266 191

71 392 122 430 και
113 368 284 441 Πολιτείας
290 362 432 429 σνστασιν
442 366 474 427 ἐν
485 391 496 428 ι
495 361 560 441 ’·[α]
566 358 675 466 μητρὸς
690 365 722 427 δέ
732 369 872 468 προῆλθε
874 363 1078 471 Περικτιόνης,

66 446 135 555 ἥτις
148 443 208 512 660
196 444 342 553 Νηλέως
352 473 406 513 τον
392 444 542 532 Κόδρον
551 444 700 552 κατήγωρ.
724 437 872 550 (μασλν
835 470 900 528 ιον,
919 448 964 514 666
974 446 1078 531 φάσμα

66 528 304 598 Ἀπολλωνιακδν
314 533 482 639 συνεγένετο
498 556 535 618 τη
520 526 693 616 μητρλ’
656 538 748 594 αντιῦ
755 556 801 633 τη
787 531 1007 636 Περικτιόνη,
1027 537 1078 597 666

70 619 102 682 ἐν
118 618 204 682 ννκτέ
201 618 317 719 φανὲν
333 624 377 704 τιῖ
391 612 544 719 Ἀρίστωνι
561 608 764 684 έκέλινσεν
728 621 808 698 αντρό
811 611 868 718 μὴ
883 614 1024 721 μιγνύναι
1016 618 1078 765 ομῇ

68 696 249 847 Περικτιηένη
266 682 362 784 μέχρι
366 709 540 804 τινχρινιν
549 724 601 802 της
612 692 786 777 αποτέξειις
788 677 907 762 ιδ’
871 723 948 766 οντω
956 705 1045 766 mot
1044 728 1078 783 η-

63 810 141 933 λῖἔλ
151 779 817 974 6626666666666'66666
813 785 1083 949 {6666ss

60 961 152 1028 Ιθεοῖς
163 952 247 1015 Πανί
263 954 314 1015 καί
326 932 471 1032 Νύμφαις
486 947 553 1014 κάλ’
548 947 707 1017 Απόλλωνι
723 957 824 1052 νομίφ
827 957 937 1032 θῦσαι,
956 955 1007 1054 ηαδ
1018 978 1077 1017 κει-

68 1040 161 1139 μένιν
182 1028 274 1181 αὖτμῦ
295 1036 422 1117 μέλιτται
445 1041 664 1138 προσελθοῦσαι
685 1029 913 1140 πεπληρώκασιν
933 1030 1025 1100 αὐτοῦ
1046 1034 1077 1100 τὸ
1141 1056 1147 1067 ·

70 1118 164 1201 στόμα
175 1121 246 1222 κηρέ
246 1144 289 1182 ων
297 1120 428 1225 μέλιτος,
428 1121 481 1183 666
490 1113 726 1204 άληθέςτιερλ’
687 1124 780 1183 αντιῦ
790 1118 911 1224 γένηται
920 1114 952 1183 τό

154 1226 208 1266 τιν
193 1204 276 1266 ιιαλ
293 1226 351 1267 απι
366 1201 499 1307 γλώσσης
515 1204 629 1284 μέλιτος
647 1206 779 1309 γληκίιιν
794 1204 858 1306 ῥέεγ
874 1197 962 1286 αὐδή.

66 1280 204 1351 καλεῖθ’
223 1281 315 1351 αὖτδν
329 1284 483 1392 πατρόθεν
506 1288 558 1349 καὶ
576 1296 639 1364 τοῖς
656 1284 970 1394 μάιηοιςδμάδινλιν,
994 1283 1079 1365 άςέξ

67 1365 431 1479 Ἀκόλλιινιςπριελθοέν·
450 1364 732 1436 Απιλλανιακιν
696 1398 755 1457 γαρ
765 1397 798 1437 τι
809 1396 921 1456 ιρνεον

146 1464 187 1520 ·.11
203 1449 255 1518 ’666
264 1452 367 1542 ἡλικία
377 1456 410 1520 δὲ
418 1450 574 1559 γενόμενος
582 1481 700 1542 πρωτον
710 1457 764 1540 μὲν
781 1459 915 1560 ἐφοίτησι
926 1460 1078 1563 Διοννσίηι

68 1547 112 1626 τῷ
128 1545 332 1687 γραμματιστῇ
343 1533 421 1625 πρὸς
436 1535 572 1621 μάθησιν
588 1566 699 1606 κοινων
714 1537 909 1649 γραμμάτων,
926 1567 963 1605 ιν
952 1531 1032 1604 καί
1047 1520 1079 1607 έν

62 1605 219 1708 Ἐρασταῖς
239 1625 389 1729 μέμνηται,
407 1627 458 1688 666
473 1625 547 1728 μηδέ
557 1622 743 1701 Διονύσιος*
731 1652 747 1689 ι
765 1621 977 1701 διδάσκαλις”
956 1650 1079 1736 αμοιρρς

68 1711 166 1789 εἴη
129 1733 181 1811 της
196 1731 279 1791 παρα
266 1702 429 1773 Πλάτωνι
445 1707 570 1792 μνήμης.
598 1706 659 1773 εἶτα
670 1734 720 1790 μετ
718 1704 1016 1818 ’έκεῖηονγνμναστη
1026 1712 1080 1792 μὲν

70 1790 213 1875 ἐχρήσατο
223 1791 393 1881 διδασκάλῳ
401 1787 592 1894 Ἀρίστωνι
562 1816 604 1856 τω
591 1787 782 1896 ”jAde66‚
765 1787 817 1873 αφ’
830 1814 865 1855 ον
876 1816 928 1855 και
916 1792 1078 1874 Πλάτων,

70 1876 108 1952 ὥς
105 1895 202 1979 φασι,
218 1855 443 2000 μετωνομάσθη,
460 1873 604 1983 πρότερμν
610 1858 797 1981 Ἀριστάκλης
808 1871 1001 1981 λεγόμενος
971 1885 1013 1940 τῶ
1024 1884 1076 1940 τοῦ

70 1958 194 2025 πάππον
211 1986 285 2043 ονομ
285 1986 347 2025 ατι·
369 1960 485 2063 ἐκλήθη
502 1955 575 2023 δ”
539 1984 616 2024 ιντο)
634 1954 684 2023 διά
698 1985 732 2063 τρ
720 1955 846 2023 δάι’
807 1985 925 2064 μιρια
911 1966 965 2023 τοῦ
980 1943 1077 2042 σάμα-

69 2070 117 2121 τος
129 2047 206 2127 ἔχειν
221 1988 402 2124 πλάτάτατα,
420 2041 454 2108 τό
464 2068 494 2107 τε
504 2045 639 2146 στέρνον
635 2039 724 2106 666
696 2068 728 2107 τι
716 2039 925 2149 6666606‚‘
906 2068 946 2119 ως
957 2048 1079 2148 δηλοῦσι

69 2152 235 2233 πανταχιν
206 2125 290 2193 ”ἀέ
273 2152 366 2195 ανακε
366 2132 463 2210 ίμεναι
474 2121 566 2190 αὐτοῦ
578 2124 733 2203 είκάνες”
697 2152 774 2232 ρντω
785 2125 972 2232 φαιηάμεραι.
994 2124 1079 2190 άλλοι

70 2216 104 2277 δέ
115 2232 188 2293 φασι
199 2238 240 2295 μη
227 2207 301 2278 διά
311 2238 397 2278 τιντο
407 2217 666 2294 μετονομασθῆναι
677 2206 777 2316 66666,
792 2206 868 2275 άλλδι
878 2205 968 2273 διδ
940 2234 972 2274 τι
984 2205 1079 2274 πλαιν

71 2299 123 2360 καὶ
138 2299 297 2399 κεχυμένον
313 2300 364 2362 καλ
381 2291 626 2376 άναπειιιαμένιν
640 2320 694 2360 τον
680 2290 906 2399 ιἰνακειμένιν
932 2301 1077 2398 χαρακτῆ-

72 2404 138 2482 ρρς,
160 2376 297 2466 καθάπερ
311 2384 387 2463 φασί
398 2383 458 2446 καδ
462 2375 699 2485 Θεάφραστον”
663 2405 740 2445 οντω
754 2386 1012 2485 μετονομασθῆναι
1027 2372 1080 2444 διδι

70 2490 104 2529 κο
92 2459 248 2526 θεῖον
212 2488 263 2545 της
274 2464 416 2548 φράσειας,
427 2462 570 2572 πρότερον
583 2462 739 2569 Ὶῐάρταμιν
749 2462 913 2568 λεγόμενον.
936 2471 1080 2547 μινσικης

71 2549 105 2613 δὲ
123 2542 302 2610 διδάσκαλον
318 2552 380 2631 ἐσχι
391 2550 551 2634 Δράκοντα
565 2544 618 2614 τὸν
629 2547 775 2632 Δάμωνος
791 2545 945 2632 μαθητην·
968 2577 990 2631 μ
992 2550 1078 2630 ἐμν-η

71 2658 120 2696 ται
140 2631 177 2694 '66
191 2625 296 2694 τούτου
307 2631 339 2694 ἐν
359 2640 396 2717 τῇ
412 2639 559 2699 Πολιτεία.
566 2639 636 2739 τρέ
622 2635 703 2698 666
713 2637 764 2698 και
779 2659 873 2698 ταντα
888 2632 1078 2696 ἐπαιδεύοντο

71 2709 276 2825 ρίἉθήνησι
265 2719 376 2795 παῖδες,
388 2719 464 2797 φημὶ
475 2719 507 2781 66
516 2717 682 2823 γράμματα,
701 2715 856 2825 μινσικην,
868 2709 1060 2815 παλαίειν,’
1026 2740 1080 2817 ινχ

72 2799 188 2878 διπλοῖς,
205 2793 281 2863 αλλά
282 2796 448 2906 γράμματα
458 2801 513 2880 μέν
523 2797 611 2865 διά
583 2827 616 2866 το
626 2810 746 2906 κοσμεῖν
755 2796 807 2866 τὸν
818 2799 907 2882 λόγον
915 2794 969 2862 τὸν
981 2792 1060 2862 ἐν’
1023 2824 1077 2860 αν-

70 2892 147 2964 τοῖς,
161 2878 314 2990 μουσικὴν
325 2880 376 2950 διά
390 2909 424 2948 τι
413 2879 661 2949 τιθασσεύειν
633 2912 685 2990 τομ
700 2882 811 2967 θνμόν,
827 2887 963 2947 παλαίειν
980 2883 1012 2946 δὲ
1029 2882 1079 2944 καὶ

71 2966 292 3078 γυμνάζεσθαι
291 2964 384 3034 διατι
401 2963 630 3079 άναρριηννάναι
645 2966 679 3034 τὸ
694 2995 746 3052 της
763 2971 889 3048 έτινθνμί
888 2993 922 3042 ας
940 2962 1078 3049 χαλαρόν

72 3055 124 3115 καὶ
135 3076 150 3115 ο
137 3047 346 3156 ’Ἀλκιβιάδης
362 3054 395 3118 66
410 3052 479 3160 πριρ’
491 3047 572 3158 αντῷ
581 3079 618 3118 τα
606 3049 699 3158 τρίμι
708 3059 801 3117 ταῦτα
800 3055 960 3156 φαίνεται
957 3053 1079 3113 παιδει-

71 3139 151 3211 θείς·
175 3132 220 3200 διδ
239 3139 292 3240 κμί
306 3157 379 3218 φησι
388 3161 461 3222 προς
472 3162 564 3204 αντον
572 3135 759 3222 Σωκρατης
770 3131 872 3199 αάλεῖν
884 3127 960 3199 66
926 3159 982 3199 ινκ
994 3130 1078 3239 ἐβιά-

73 3228 142 3325 λον,
165 3215 264 3284 καί
232 3246 269 3284 τα
286 3221 359 3302 ἐξῆς
392 3221 553 3325 ἕροέτησε
542 3223 574 3286 66
542 3224 647 3284 6666
643 3246 744 3325 παρα
766 3227 926 3305 γραφενσι,
952 3212 1020 3300 παρ’
1038 3207 1081 3280 ὧν

73 3298 259 3386 ὠφελήθη
228 3331 282 3386 την
292 3309 423 3409 μῖξιν
383 3328 442 3366 των
451 3303 638 3405 χρωμάτων,
634 3294 677 3367 οἷν
688 3306 720 3367 ἐν
733 3308 855 3391 Τιμαίῳ
858 3306 1008 3410 μέμνηται.

157 3395 202 3450 ΠΙ.
225 3348 314 3452 Μετδι
333 3394 426 3453 ταῦτα
445 3388 478 3451 66
495 3388 546 3450 καὶ
559 3380 642 3471 παρά
662 3393 723 3461 τοῖς
737 3396 890 3472 τραγικοῖς
906 3382 1088 3459 ἐιιαιδεάθιχ,
1181 3476 1185 3482 ἱ
