2408 3764
69 160 131 225 ιιι
259 108 262 117 ¹
452 160 724 220 ΑΛπιαοον
1041 169 1075 224 14

70 315 155 431 6666
153 321 266 428 λόγων
281 316 439 404 μέθοδος*
423 349 443 404 η
459 314 518 385 άπὸ
532 345 584 385 τον
572 317 703 426 ὁμοίου
718 317 809 386 ε’πλ
781 346 813 387 το
824 318 927 426 όμοιον
937 330 1075 426 μετιοῦσα

68 408 91 492 6
105 403 164 473 άπὸ
178 414 237 472 τῶν
252 408 424 471 καθίκαστα
439 399 528 509 ἐηιλ
496 431 533 469 τα
547 404 696 472 καθόλου·
711 403 915 492 χρησιμωτάτη
927 402 993 489 666
1005 407 1074 472 ἐπα-

69 520 151 578 γαγη
139 484 246 567 ιἐίς
218 516 251 555 το
265 487 419 565 ἀνακινεῖν
430 484 484 565 τάς
498 484 628 571 φυσικάς
643 492 767 568 ἐννοίας.

153 585 202 639 Vl.
229 581 288 641 To6
302 575 334 640 66
348 571 480 676 λόγου,
463 569 498 640 δν
512 581 659 677 καλοῦμεν
671 573 824 680 πρότασιν,
840 574 895 640 δόο
909 576 988 680 ἒγτλν
1000 579 1074 659 είδη,

68 687 101 726 το
90 656 180 764 μὲν
184 657 363 741 κατάφασις,
379 651 632 763 τόδλάπόφασις·
648 657 814 762 κατάφασις
832 655 926 742 μὲν
899 685 931 724 το
945 667 1073 725 τοιοῦτο·

68 741 230 829 Σωκράτης
249 752 414 848 περιπατεῖ·
438 737 587 846 άπόφασις
608 739 687 810 66
659 769 693 809 το
713 753 841 810 τοιοῦτο·
861 741 1024 829 Σωκράτης
1040 739 1074 811 οό

68 837 280 934 περιπατείτην
260 834 295 911 63
314 822 379 894 66'
361 823 538 910 αποφάσεως
552 831 604 893 καλ
617 827 809 910 καταφάσεως
822 857 842 912 η
829 825 921 936 ’μέν
925 832 985 893 ἐστι
1000 839 1075 894 καθ·

69 911 154 991 όλου,
178 909 247 1017 666
255 914 302 978 ἐπί
317 914 438 1016 μέρους,
457 912 504 975 ἔπλ
517 913 625 1022 μέρους
637 915 692 996 μὲν
702 909 889 1020 καταφατικὴ
904 909 924 1018 6
937 911 1072 1017 τοιαηίτη·

68 1000 112 1074 τίς
124 965 220 1080 ἡδονὴ
229 991 363 1101 ολγαθόν·
379 990 551 1103 άποφοιτικίη
568 998 600 1061 66
613 997 748 1103 τοιαότη·
766 1001 809 1075 τλς
823 992 966 1101 ἡδονὴ’
932 1023 988 1062 ουκ
999 1025 1073 1103 αγα-

68 1080 144 1146 θόν·
167 1079 301 1148 καθόλου
316 1083 348 1146 66
362 1103 556 1189 καταφατικη
542 1078 652 1162 μλν’
636 1109 662 1185 η
671 1081 807 1166 τοιαάτη·
829 1089 893 1147 πᾶν
907 1076 940 1147 τό
953 1078 1072 1185 αἰσχρόν

68 1165 177 1232 κακόν·
201 1160 373 1269 άποφατικη
362 1160 456 1249 666
471 1162 605 1249 τοιαότη·
628 1159 717 1230 οόδὲν
730 1174 790 1231 τῶν
804 1171 933 1271 αίσγρων
945 1160 1075 1249 άγαθόν

68 1258 127 1315 τῶν
141 1251 174 1314 66
186 1247 357 1333 προτάσεων
375 1278 395 1313 α
396 1252 478 1333 ίμὲν
492 1253 688 1336 κατηγορικαί
696 1253 779 1331 εἰσιν,
795 1255 830 1315 αἱ
841 1253 873 1316 66
884 1247 1073 1316 ὑποθετικαί·

69 1335 308 1416 κατηγορικαλ
275 1361 329 1413 μεν
342 1337 377 1397 αί
388 1329 490 1413 διπλαῖ,
506 1330 584 1399 οἷον·
576 1342 662 1400 ·ποῖν
678 1339 795 1401 δίκαιον
808 1332 914 1400 καλόν·
932 1331 1073 1400 ὑποθετι-

69 1419 120 1481 καλ
140 1418 174 1479 66
193 1420 267 1480 εἰσιν
286 1443 318 1480 αι
310 1410 526 1482 άκολουθίαν
547 1415 728 1501 δηλοῦσαι’“
707 1447 727 1502 η
747 1416 855 1531 μάγην
881 1427 985 1504 χρῆται
1005 1413 1073 1485 666

70 1498 198 1564 Πλάτων
213 1502 264 1563 καλ
283 1507 325 1648 66
334 1508 393 1648 666
414 1509 618 1604 συλλογισμῶν
636 1508 820 1607 πραγματεία
841 1506 978 1607 ἕλὺγχων
979 1529 1009 1568 τε
1024 1506 1076 1569 καλ

69 1578 340 1659 άποδεικνόων,ἕλ
324 1585 435 1666 λίγχων
453 1585 508 1665 μὲν
524 1580 612 1662 διάζ
609 1585 738 1690 ητήσεως
760 1581 797 1651 τά
818 1594 933 1693 66:66,
959 1582 1075 1653 άποδει-

69 1664 170 1732 κνόων
184 1668 216 1733 66
230 1665 281 1734 διά
299 1693 379 1775 τινος
395 1663 635 1746 διδασκαλίας
603 1695 640 1733 τα
662 1667 772 1775 άληθῆ
792 1673 898 1736 ἔστι
866 1668 922 1736 6
909 1699 925 1736 ο
941 1680 1075 1778 συλλυγι

69 1746 140 1856 σμός
163 1750 262 1836 λόγος,
284 1743 356 1817 ἐν
332 1779 355 1842 ω
369 1755 516 1819 τεθέντων
529 1779 621 1819 τινων
641 1752 741 1838 ἕτερόν
759 1760 860 1818 τιτῶν
874 1756 1016 1834 κειμένων
1031 1751 1074 1821 δι’

69 1830 168 1902 αὑτοῖν
186 1863 246 1903 των
258 1818 404 1903 τεθὲότων
417 1832 479 1918 65'
462 1836 596 1921 ανάγκης
615 1841 784 1948 συμβαίνει·
807 1843 866 1901 τῶν
888 1839 920 1902 δὲ
940 1846 1076 1922 συλλογι-

69 1929 152 2023 σμηλν
165 1926 197 1986 ολ
208 1923 326 2005 μένείσι
339 1927 539 2031 κατηγορικοί,
553 1926 585 1987 ot
597 1923 629 1988 66
642 1922 824 1997 ὑποθετικοί,
840 1926 872 1986 οἱ
883 1922 915 2032 66
929 1925 1077 2024 μικτολέκ

70 2003 196 2069 τοότων·
213 2010 412 2111 κατηγορικολ
425 1999 539 2116 μέν
515 2035 558 2073 ων
578 2011 629 2071 καλ
642 2003 679 2072 τά
694 2004 831 2114 λήμματα
851 2009 902 2070 καί
915 2000 952 2071 τά
966 2026 1075 2088 συμπε-

69 2087 204 2200 ράσματα
225 2086 321 2156 διπλαῖ
339 2112 494 2197 προτάσεις
513 2088 717 2198 ὑπάρχουσιη,
745 2090 919 2157 ὑποθετικοὶ
941 2095 1030 2156 6606
1047 2094 1077 2172 ἐξ

68 2174 259 2279 ὑποθετικῶν
256 2174 452 2280 προτάσεων,
455 2179 565 2280 μικτολ
580 2177 611 2241 66
625 2173 695 2243 οἱ
663 2204 700 2243 τα
712 2175 767 2242 δόο
758 2172 992 2283 σηνειληφότες.
985 2184 1075 2261 ,γρῆ-

67 2287 116 2325 ται
130 2255 188 2324 δὲ
176 2284 193 2324 ο
208 2255 286 2345 ἀνὴρ
299 2268 360 2338 τοῖς
378 2263 433 2366 μὲν
446 2254 662 2368 άποιλεικτικοῖς
677 2265 709 2326 ἐν
722 2268 783 2336 τοῖς
796 2256 992 2344 ὑφηγητικοίς
1010 2265 1075 2326 δια-

69 2342 176 2426 λόγοις,
197 2352 258 2421 τοῖς
273 2346 306 2409 δὲ
326 2343 454 2451 ἐνδόξοις
468 2343 543 2431 πρὸς
554 2341 624 2423 τοὺς
638 2343 781 2429 σοφιστάς
795 2369 825 2408 τε
840 2347 892 2409 καλ
905 2347 998 2422 νέους,
1014 2355 1077 2422 τοῖς

69 2430 101 2492 66
121 2428 275 2509 ἐρωτικοῖς
288 2427 377 2534 πρὸς
376 2424 444 2505 τοδς
459 2433 540 2507 ἰδίως
543 2432 726 2537 λεγρμίνους
742 2426 917 2514 ἒριστικοός,
934 2429 998 2495 οἷον
1012 2425 1076 2494 Εὑ-

68 2508 208 2592 θόδημον
223 2512 294 2596 φέρε
308 2514 359 2576 καλ
368 2508 495 2577 Ι.ππίαν
516 2540 577 2580 των
591 2516 623 2580 δὲ
635 2518 840 2622 κατηγορικῶν
853 2512 1009 2622 σηημάτων
1024 2512 1075 2577 όν-

68 2621 127 2660 των
140 2619 245 2678 τριων,
268 2597 320 2660 καλ
334 2605 387 2660 τοῦ
404 2599 462 2703 μλη
471 2595 603 2683 κρότου,
628 2590 699 2665 ἐν
676 2595 731 2686 ῳὺ
751 2594 852 2676 κοινός
865 2599 958 2707 όρος
954 2623 1006 2663 του
993 2598 1076 2698 μὲν

66 2686 280 2784 κατηγορεῖται,
297 2707 338 2768 τηο
326 2676 417 2747 66‘
401 2678 564 2767 υπόκειται,
580 2708 632 2748 τοο
618 2664 688 2749 66
682 2686 873 2834 δ,ευτέρουέ
873 2712 891 2748 ν
907 2677 932 2747 6
946 2678 962 2746 6
976 2673 1077 2782 60663

66 2761 135 2869 όρος
156 2757 270 2868 ηἰμφοτέ
270 2791 331 2852 ρων
347 2776 570 2873 κατηγορεῖται,
592 2769 696 2834 τοῦδὲ
714 2772 826 2872 τρίτου,
833 2736 952 2856 ἔνηλ
940 2756 1077 2868 060663

67 2846 136 2935 όρος
151 2842 371 3010 6666669063
340 2847 521 2930 υπόκειται(
508 2864 611 2937 ορους
622 2854 656 2918 δ
666 2880 742 2936 φημι
755 2878 792 2916 τα
780 2831 933 2956 μέρη
892 2876 952 2914 των
964 2846 1074 2951 προτά-

68 2955 145 2999 σεων
268 2935 315 2998 δτιλ
334 2942 400 3018 τῆς·
425 2931 656 3041 ὑάνθρωποςζ
654 2945 727 3014 οἷον,
748 2931 800 2999 τδν
820 2932 986 3018 άνθροοπον
995 2929 1078 3037 όρον

67 3013 1077 3208 6662‘526166„6²6⁰‘6662066666666?ss

67 3182 163 3269 μὲν
135 3215 167 3253 το
162 3212 299 3293 πρωτον
312 3184 404 3266 οὑτως
420 3190 452 3253 66
463 3181 651 3293 Ἀλκιβιάδη·
675 3215 712 3253 τα
700 3182 828 3253 δίκαια
842 3182 928 3263 καλά,
946 3182 983 3250 τά
997 3182 1076 3250 καλά

67 3217 185 3356 67666,
206 3268 243 3338 τά
264 3270 406 3378 δίκαια”
377 3299 445 3380 αρα
466 3266 584 3356 άγαθά·
606 3267 682 3338 κατά
701 3268 780 3338 66
753 3299 785 3337 το
806 3268 943 3378 δεότερον
963 3266 1026 3349 [63]
1044 3272 1076 3337 δν

67 3354 289 3445 Παρμενίδη”
253 3381 359 3435 ουτως·
375 3352 444 3440 δμη
432 3352 515 3440 ἔχει
527 3355 663 3501 μέρη,”
627 3382 692 3423 οντε
708 3351 787 3422 εὑθό
801 3354 956 3422 ἐστινοὺτε
971 3376 1075 3441 στρογ·
