2408 3764
70 203 123 261 616
338 200 426 257 ΕΙΣ
445 200 545 259 ΤΟΝ
562 202 795 262 ΤΙΜΑῙΟΝ
1011 201 1075 267 363

68 352 225 440 μένους’
187 366 288 435 αυτοῖς
303 356 558 470 66666666666’
520 362 678 465 αυτοφυολς
696 357 786 425 ἐπί
755 389 810 445 την
825 369 885 427 τῶν
896 360 991 429 όντων
993 359 1076 471 666·

68 452 167 518 θειαν,
185 441 325 525 καίπερ”
305 468 376 507 ανευ
387 440 508 509 εἰκότων
519 438 757 523 καλάποδείξεων
768 444 1001 549 66666066‚‘
983 474 1021 524 ως
1032 445 1072 514 66

68 522 382 686 66666666666666‘
365 534 451 609 6666
469 526 637 612 προλήψεσι
647 530 713 613 περὶ
724 535 783 593 τῶν
792 528 973 616 πραγμάτων
982 531 1075 618 συνᾴ-

305 969 406 1049 ΕΙΣ
437 968 554 1037 ΤΟΝ
587 968 838 1037 ΤΙΜΑΙΟΝ.

146 1189 351 1270 Υπόθεσις.
371 1191 534 1279 Σωκράτης
550 1198 590 1270 είς
607 1199 738 1278 Πειραιοῖ
755 1187 936 1274 ἀφικόμενος
949 1200 1001 1275 τῆς
1017 1201 1089 1260 τῶν.

68 1281 204 1343 Βενδιδεί
204 1305 246 1342 ων
263 1281 364 1361 ἑορτῆς
377 1278 465 1343 ἕνεκα
475 1281 526 1381 ηαδ
536 1285 672 1381 πομπῆς,
691 1281 844 1343 διείλεκται
855 1279 1077 1376 περὶπολιτείας

68 1363 132 1426 ἐκεῖ
138 1359 212 1446 πρός
221 1388 251 1426 τε
262 1357 495 1466 Πολέμαρχον
466 1388 519 1427 τον
530 1360 671 1466 Κεφάλου
683 1362 734 1427 καί
744 1358 912 1426 Γλαύκωνα
923 1364 974 1426 καί
982 1355 1075 1427 Αδεί-

67 1470 179 1552 μαντον
193 1447 244 1510 καλ
262 1441 317 1550 66
318 1447 370 1511 καλ
381 1441 627 1552 ΙΘρασύμαχον
597 1472 649 1512 τον
665 1443 817 1529 σοφιστήν.
823 1471 877 1552 τη
863 1446 926 1511 δὲ
936 1443 1075 1550 ὑστεραία

66 1536 119 1612 τῆς
135 1526 245 1615 ἡμέρας
260 1527 368 1614 ταύτης
384 1527 454 1595 est
433 1550 514 1597 αστει
514 1525 615 1637 πρός
620 1535 760 1635 Τίμαιον
761 1556 812 1595 ται
803 1525 1009 1615 Ἑρμοκράτη
1025 1511 1077 1635 666

65 1619 191 1701 Κριτίαν
203 1616 254 1680 καί
264 1616 401 1700 τέταρτον
412 1615 460 1679 ἐπὶ
470 1612 584 1691 τούτοις
594 1602 715 1680 ἀλλον’
696 1611 856 1720 66666666
867 1610 1054 1699 διηγεῖται
1023 1643 1077 1718 την

67 1700 99 1763 ἐν
110 1707 251 1783 Πειραιεῖ
261 1695 475 1805 ξυνουσίαν,
453 1726 495 1810 ρις
508 1702 540 1764 ἐν
521 1725 586 1806 66
573 1704 720 1764 ’Πολιτεί
718 1725 739 1784 ηι
748 1694 910 1801 ὑπόκειται.
933 1698 1076 1802 6667666-

66 1809 153 1865 μενος
169 1786 201 1849 δὲ
216 1783 396 1888 παρεκάλεσε
412 1785 464 1889 καὶ
479 1779 547 1889 τρός
564 1782 672 1859 σίλλους
690 1762 816 1857 οἰίιείους
837 1775 930 1845 αὐτόν
942 1778 1075 1885 ἀνταφε-

66 1874 186 1933 στιοῖσαι
203 1865 301 1952 λόγοις
316 1875 355 2014 66
370 1866 478 1950 ταότης
493 1863 642 1953 ὑστεραία.
661 1862 903 1970 συνεληλύθασιν
918 1857 973 1930 666
984 1861 1075 1969 ἀκρο-

67 1950 207 2054 ασόμενοί
222 1977 252 2015 τε
271 1952 355 2015 καίὲ
354 1958 474 2036 ροῦντες
484 1954 524 2027 είς
541 1930 676 2032 τήνδε
643 1975 699 2032 την
704 1945 841 2052 ἡμέραν,
865 1951 976 2052 τρίτην
982 1939 1076 2014 οόσαν

67 2029 126 2098 ἀπὸ
137 2041 197 2183 τῆςέ
206 2037 238 2099 ἐν
249 2042 389 2120 Πειραιεῖ
401 2037 569 2136 συνουσίας.
593 2036 626 2099 ἓν
636 2058 666 2097 τε
675 2059 734 2116 γαρ
743 2058 788 2180 τη
767 2036 937 2119 Πολιτεία
947 2059 979 2098 το
969 2027 1075 2098 κατέ

65 2123 124 2222 βην
140 2120 211 2199 χθές
228 2121 355 2219 εἴρηται,
375 2109 536 2181 κάνταῦθα
551 2112 584 2182 τό
595 2144 656 2182 των
665 2117 735 2199 χθες
751 2116 811 2221 μὲ
789 2143 806 2178 ν
817 2096 1071 2221 δαιτυμόνων,
1037 2143 1075 2181 τα

66 2208 124 2266 νῦν
135 2202 200 2265 δὲ
185 2198 370 2307 εστιατόρων.
394 2198 513 2305 6666666
527 2203 597 2267 δὲ’
569 2227 610 2280 εις
613 2200 716 2309 τήνδε
726 2227 782 2283 την
794 2192 939 2284 ἀκρόασιν
949 2195 984 2266 ου’
997 2199 1074 2265 πόν-

66 2310 120 2364 τες,
133 2280 196 2349 ἀλλ’
209 2311 225 2350 ο
216 2281 372 2391 ’τέταρτος
384 2279 420 2350 δι’
433 2286 593 2352 ἀσθένειαν
604 2283 709 2351 ἀπολεί
706 2310 798 2388 6666.
815 2291 848 2347 R

151 2380 182 2432 Ρ
193 2364 310 2436 17A.‘
298 2395 315 2434 ο
329 2363 472 2453 Ἀττικός,
488 2367 607 2453 φησλνό
621 2369 769 2477 Πρόκλος,
779 2363 888 2470 ὀρθῶς
889 2371 955 2454 περί
966 2376 1025 2475 666
1030 2396 1073 2434 τε-

66 2449 172 2537 τάρτου
178 2457 276 2518 τοῦδε
286 2455 520 2557 ἐπισημαίνεται.
544 2458 621 2523 ἔοικε
636 2482 709 2560 γαρ
710 2481 726 2520 ο
744 2450 974 2558 ἀπολειπόμενος
989 2445 1074 2530 οὗτος

66 2534 192 2638 6666
152 2562 211 2601 των
226 2533 298 2620 μετὰ
310 2543 437 2642 Τιμαίου
447 2542 547 2620 ξένων
571 2537 617 2607 διὸ
630 2543 681 2604 καί
697 2535 887 2649 όΣωκρότης
898 2532 990 2603 αὐτόν
1001 2540 1072 2645 ἐρω-

66 2627 102 2708 τά
117 2614 169 2685 τόν
185 2619 341 2725 Τίμαιον”
325 2646 401 2726 6666
417 2649 487 2690 ποτε
476 2620 574 2727 είηό
585 2627 719 2726 τέταρτος
724 2670 734 2705 ,
753 2649 803 2688 και
794 2619 972 2698 666669‘
953 2649 991 2698 ως
1001 2622 1074 2730 παρή

65 2685 229 2808 ἐπιτηδείου
240 2701 319 2783 τινός
326 2700 522 2811 ἀπολογεῖται,
531 2702 586 2790 666
596 2703 744 2773 ἀπουσίαν
753 2701 970 2791 ἀναγκαίαν’
932 2712 1014 2790 αυττδ
1023 2706 1074 2768 καί

65 2784 366 2891 ἀβοόλητονδεικνός.
388 2798 424 2854 R

76 2882 89 2899 ’
151 2883 182 2936 Β.
203 2867 402 2977 ἀνταφεστιᾶν
408 2879 527 2984 φησίν,
545 2869 607 2941 ἀλλ’
626 2900 683 2941 ουκ
694 2870 873 2959 αυθεστιαν
896 2866 985 2956 ήμάρ
998 2867 1072 2952 ἀφε-

66 2962 177 3032 στίασις
187 2951 243 3038 τήν
253 2938 420 3062 ὁλοτελῆ
383 2985 436 3042 της
447 2953 824 3064 66666666666666666666
834 2961 1017 3038 συνείληφεν
1036 2963 1070 3019 R.

150 3049 226 3108 180.
249 3036 495 3125 εὐμνημόνευτον]
513 3042 559 3109 ότι
575 3039 609 3108 τό
621 3041 714 3125 ἀηθες
725 3037 974 3153 εὐμνημόνευτον
996 3049 1077 3105 κινεῖ

64 3121 123 3228 γὰρ
132 3133 245 3207 μᾶλλον
256 3152 310 3209 την
327 3124 531 3232 ‹666666666‘
512 3154 552 3203 ως
566 3126 752 3212 παράδοξον,
772 3121 885 3191 καὶτὸν
896 3122 991 3190 τόπον
1003 3126 1070 3191 ἔαυ-

65 3233 117 3273 του
104 3207 461 3315 τρανίστερονήμῖυέντ
461 3215 573 3314 ίθησιν.
591 3220 625 3275 R.

148 3290 209 3355 E.
193 3289 252 3360 υπό
264 3291 322 3381 ηάρ
333 3305 392 3362 τῶν
404 3291 555 3378 ἀρχόντων
565 3293 641 3361 κατά
649 3322 682 3362 το
670 3293 859 3407 καθήκον
844 3291 956 3382 εκάστμ
944 3289 1071 3400 λόδρρι

64 3375 248 3460 πολυκλήρων
258 3383 721 3466 μιμνομένωντῆςσυνέρξεως
673 3408 724 3446 και
733 3375 768 3446 66
780 3386 933 3466 φανερῶς,
928 3374 1105 3544 Ἥ
