2408 3764
342 561 390 642 A
416 557 460 642 Λ
486 560 530 642 Β
556 560 585 639 I
609 559 653 640 N
685 561 720 639 O
755 562 798 642 Y
906 625 908 632 γ

162 710 329 811 εἰσαγωγὴ
358 721 407 802 ιλς
432 710 522 800 ιοδς
549 716 743 802 Πλάτωνος
770 719 967 810 διαλόγους.

497 894 644 905 ---.-

151 1007 171 1061 Ι.
184 994 252 1060 Ότι
266 1020 308 1095 τῳ
295 998 456 1077 μέλλοντι
470 995 656 1100 ἐντεύξεσθαι
670 1005 731 1072 ιοῖς
744 997 907 1072 Πλόιωνος
922 994 1068 1103 διαλόγοις

64 1078 223 1182 προσήκει
222 1076 366 1184 πρότερογ
377 1075 601 1145 ἕπίσιασδαι’
564 1076 636 1183 αυγό
650 1088 743 1156 τοῦτο,
759 1105 776 1144 ι
775 1083 871 1146 ίπιιλ
884 1083 961 1145 ἔστιν
975 1077 1068 1146 6666-

66 1173 161 1250 λογος.
187 1160 252 1227 οόιε
268 1158 325 1246 γόιρ
346 1162 417 1227 6666
439 1166 539 1246 ιίχνιγς
553 1159 632 1240 ιινδς
645 1166 696 1227 καλ
711 1132 862 1247 δόυόμεως
875 1168 1070 1270 γεγραμμένοι

67 1251 154 1321 ελιίι,
176 1243 241 1310 οόιε
254 1254 391 1328 τεχνικῶς
407 1251 551 1351 γνωρίσαι
565 1245 670 1334 ῥᾴδιον
688 1271 730 1311 ιω
745 1272 777 1329 γε
794 1251 931 1334 θεωρίας
943 1243 1070 1335 ἀπείρως

66 1332 169 1412 δγινιι.
191 1323 307 1434 όρέσιγει
327 1331 359 1394 δὲ
379 1338 421 1437 66
440 1329 595 1434 φιλοσόφῳ
616 1333 689 1434 περὶ
696 1353 805 1409 παιπις
820 1353 994 1399 ινιινοσουν
1013 1360 1069 1416 ιιγν

65 1414 174 1560 σγιέιμιν
187 1412 365 1516 ποιούμενον
379 1395 434 1497 εόγν
447 1408 552 1479 οόσίαν
564 1422 617 1518 ιγῦ
616 1412 796 1519 ιιρόγμαιος
808 1414 905 1496 ἔξειόζ
888 1423 955 1496 ζ,ειν
971 1421 1069 1528 ἕπειιιγ

64 1501 191 1601 ιίιοόγο
206 1496 330 1563 δόναιαι
344 1500 396 1561 καί
410 1497 495 1604 γί’
453 1525 512 1581 μιγ,
529 1494 604 1609 πρός
616 1495 634 1563 6
626 1497 678 1562 τί
690 1525 720 1563 ιε
752 1498 876 1584 ρήσιμον
890 1505 1004 1606 πέφυιγε
1019 1504 1069 1566 και

64 1576 139 1688 πρὸς
157 1575 238 1663 666.
259 1583 382 1666 λέγειδὲ
401 1573 471 1646 ὦδε·
493 1585 561 1668 περὶ
574 1581 697 1659 παντός,
755 1593 824 1660 παῖ,
847 1581 933 1690 μίιι’
914 1581 991 1693 αρχόγ
1007 1594 1069 1661 τοῖς

65 1666 201 1772 μέλλουσι
221 1673 317 1770 ιγαλως
331 1664 541 1771 βουλεύεσθαι·
563 1668 671 1730 είδέυαι
691 1670 739 1730 δεῖ
753 1660 870 1769 περὶ
835 1693 870 1731 ου
888 1663 926 1732 66
941 1696 961 1769 γγ
951 1664 1070 1750 ’βουλὴ

65 1741 101 1835 6,
123 1744 250 1853 ἢπαρόι
259 1758 344 1814 τοῦτο
358 1744 539 1855 διμογριόγειν
558 1743 690 1853 όνόγκιγ·
715 1745 784 1854 6663
799 1752 831 1814 δὲ
820 1748 971 1836 πολλοὺς
985 1753 1068 1831 λέλιγ-

64 1842 136 1908 θεν,
157 1829 202 1898 66
216 1827 272 1897 οόκ
286 1837 367 1897 ισασι
384 1829 452 1938 666
454 1828 522 1898 ονσ
521 1860 560 1897 66
510 1829 761 1897 ίλκόσιου·
742 1859 781 1910 ως
796 1835 852 1898 666
868 1828 948 1936 [οὐκ]
963 1833 1070 1935 ελδόιερ

65 1910 101 1980 66
115 1884 362 2024 διομολογιγῖνιαι
382 1911 452 1980 ἐν’
410 1925 511 2023 αργγγ
529 1924 582 1999 τῆς
605 1918 751 2022 σκλμεγις,
756 1916 965 2022 προελθόντες
984 1912 1065 1982 δὲ
1036 1942 1068 1980 το

65 1995 167 2104 εἰκός
158 1997 366 2064 ἀποδιδόασιν
389 1999 456 2064 οόιε
473 2001 532 2083 γὰρ
548 1999 712 2076 ἕαυιοῐς”
676 1995 734 2065 σοι’
752 1997 850 2077 όλλιις
865 1997 1069 2105 ὁμολογοῦσιν.

65 2087 117 2148 ινα
131 2075 186 2148 οὖν
200 2081 266 2189 μὴ
254 2091 339 2178 τοῦτο
353 2080 500 2187 πάθωμεν
514 2081 737 2188 ἐντυγχάνοντες
749 2111 810 2161 ιοις
828 2084 990 2161 Πλόιωνος
1005 2089 1069 2148 διι-

66 2165 177 2268 λόγοις,
198 2161 271 2231 αὐιό
290 2169 391 2244 τοῦτο,
414 2163 486 2273 όιιερ
500 2170 601 2272 ἔγην,
596 2166 809 2273 σκεψόμεθα,
829 2173 858 2232 τί
876 2192 930 2232 ποτ
928 2163 1070 2232 ’ἔσιινὸ

67 2246 212 2352 διόλογος.
242 2253 302 2314 ἔστι
321 2248 475 2316 666666’
441 2277 498 2317 ουιι
518 2249 591 2316 όλλι
604 2277 634 2316 τι
652 2279 674 2357 ιγ
660 2247 774 2335 λόγος
788 2255 817 2331 ἐξ
838 2250 1004 2337 ἐρωτήσεως
1019 2253 1070 2315 καλ

66 2326 247 2416 ἀποκρίσεως
256 2338 445 2440 συγκείμενος
457 2339 525 2420 περί
537 2361 617 2413 τινος
630 2343 689 2401 τῶν
708 2344 868 2401 πολιτικόν
882 2338 934 2401 καλ
948 2335 1070 2417 φιλοσό

66 2443 134 2498 φωυ
144 2416 331 2500 πραγμάτων,
342 2416 419 2522 μειόι
432 2428 484 2503 τῆς
497 2418 663 2525 πρεποόσγγς
674 2415 886 2526 ἠθοποιίας
845 2447 905 2486 των
914 2428 1070 2505 παραλαμ-

65 2502 196 2586 βανομίι
197 2527 238 2564 ων
239 2501 417 2607 προσωπωγ
431 2507 532 2568 καί
496 2530 548 2586 ιιγς
563 2501 637 2568 καιόι
651 2502 708 2608 γόγν
723 2507 800 2583 λέξιν
815 2512 1005 2610 κιγιασκευγγς

151 2593 184 2648 ΙΙ.
199 2582 299 2669 Λόγος
312 2577 415 2666 μὲν
378 2610 434 2650 ουν
440 2584 589 2689 λέγειοιιδ
610 2586 747 2692 διάλογος
766 2586 923 2691 καθάπερ
918 2584 933 2650 ὃ
948 2586 1070 2668 όνδρω-

66 2694 120 2745 πος
135 2675 223 2746 ζῶον·
246 2669 359 2733 ἐπελδλ
378 2664 500 2752 ὁλόγος
522 2667 626 2734 ἐστίν’
615 2673 698 2775 ομὲγ
718 2666 923 2744 6666609‘
911 2694 927 2733 ο
949 2670 982 2731 δὲ
988 2691 1071 2771 προ-

68 2750 211 2856 φορικός,
228 2747 420 2833 ἀκουσόμεθα
433 2760 486 2816 τοῦ
498 2761 707 2858 προγιρικιΰ·
721 2780 773 2817 και
763 2755 849 2816 ἒιιελ
863 2749 968 2853 ιοόιοιγ
983 2745 1071 2854 ὁμέν

68 2839 127 2901 ἐστι
140 2863 216 2901 ιατα
204 2832 276 2902 διέ
275 2840 363 2914 ξοδον
376 2833 557 2940 λεγόμενος,
565 2832 632 2900 δδλ
646 2862 701 2900 ιιαι
699 2831 867 2982 ’ἕρωτγγσιν
882 2827 966 2898 καλ’
948 2830 1070 2938 απόκργ-

68 2940 129 2998 σιν,
151 2925 294 2986 ἴδωνιον
281 2915 479 3002 διαλόγιυέ
478 2917 615 3023 ρωιήσεις
630 2914 713 2985 ιαλ’
695 2944 793 3003 αποιρ
794 2923 878 2994 ίσιις·
901 2913 1004 2982 όθενδ
1022 2913 1071 2979 λό-

67 3030 118 3088 γος
128 3006 157 3083 ἐξ
172 3002 338 3089 ἐρωιήσεως
351 3000 558 3107 εἷναιλίγειαι.
572 3028 604 3068 ιο
593 2998 650 3069 δλ
659 3006 727 3089 περί
735 3028 814 3078 τινος
828 3027 888 3066 ιων
897 2999 1072 3082 φιλοσόφων

69 3090 118 3153 καλ
133 3096 303 3154 πολιτικόν
305 3084 487 3195 πριγγμόιωγ
499 3085 701 3192 πρόσγειιαι,
709 3086 784 3153 διόιι
804 3089 916 3150 οίιιιίαν
935 3081 1014 3150 εἶναι

68 3170 122 3254 666
142 3168 340 3278 ὑποκειμένην
355 3172 431 3253 όλιγν
445 3197 486 3236 ιω
473 3170 646 3261 διαλόγῳ·
670 3170 745 3277 αόγιγ
765 3171 798 3235 δέ
812 3166 919 3235 λσιιυ
903 3196 923 3273 ιγ
935 3176 1004 3234 πολι

68 3259 119 3320 καλ
136 3253 340 3338 φιλόσοφος.
321 3284 359 3335 ως
374 3282 431 3339 γαρ
443 3280 479 3342 ιγγ
465 3237 639 3346 ιραγωδία
649 3259 700 3322 καί
712 3253 787 3332 όλως
796 3261 865 3403 γῇ
848 3275 964 3336 ποιιγσει
978 3254 1056 3331 ιλιι
