2422 3758
472 224 726 292 ΛΞΙΟΧΟΣ-
1021 228 1083 294 135

74 388 167 478 δφ’”
148 412 224 458 οσια
240 395 452 477 παρακαλῶν.
474 385 682 474 ἐπειγόμεθα
696 385 728 453 δ’
747 380 827 455 οὐν·
847 394 878 458 εί
893 387 959 476 γάρ
975 390 1083 472 οὕτως

76 485 189 576 ἕχει,’
166 487 333 574 ωκύτήτος
344 491 402 554 δεῖ.

157 592 229 655 ΚΛ.
249 585 505 670 Ὀφδέντοςσον
517 580 634 670 μόνον,
648 609 675 650 ω
663 575 873 668 Σάκρατες,
886 589 1008 707 ραίσει
1025 588 1082 657 καὶ

74 686 138 772 μάρ
148 683 213 771 ἤδη
225 681 382 761 πολλάκις
393 680 484 771 αὐτῳ
472 685 612 767 μίγονε
622 681 865 768 συμπτώματος
881 681 1081 772 ἀνασφήλαι
1095 703 1117 754 Ι)

156 785 195 848 11.
216 787 292 848 ΣΩ.
310 777 365 858 Ὡς
386 782 423 848 δὲ
443 787 571 848 θάττον
586 777 649 866 τήν
665 776 756 864 παρά
772 778 809 847 τό
832 794 936 866 τειχος
955 780 1080 870 ήειμεν,

74 894 141 958 ταῖς
159 875 315 956 Ἰτωνίαις
325 917 369 929 -
379 883 520 964 πλησίον
536 875 602 964 γάρ
616 874 695 968 ᾤκει
711 884 780 945 τῶν
797 886 925 965 πυλοῖν,
943 879 1027 967 πρός
1040 889 1081 969 τῇ
1097 902 1150 959 365

70 973 916 1064 Ἀμαζονίδισιήλή-καταλαμβάνομεναύτδνῆδή
928 982 1082 1064 μὲνσαυ-

74 1079 263 1161 ειλεγμένον
281 1071 340 1152 τάς
362 1070 452 1159 ἀφάς
467 1076 523 1141 καὶ
540 1081 588 1164 τῷ
604 1074 732 1160 σάματι
753 1076 934 1161 ῥωμαλέον,
952 1074 1083 1164 ἀσθενῆ

75 1174 108 1240 δὲ
117 1171 182 1259 τήν
193 1170 314 1258 ψυχήν,
327 1171 419 1239 πάνυ
429 1174 527 1239 ἐνδεά
538 1177 763 1257 παραμυθίας,
775 1173 936 1251 πολλάκις
946 1171 977 1241 δ’
996 1171 1080 1242 ἀνα-

73 1272 259 1357 φερόμενον
269 1271 326 1337 καί
337 1268 542 1356 στεναγμοὺς
553 1272 643 1337 ίέντα
654 1267 719 1338 σύν
730 1269 888 1357 δακρύοις
897 1270 1081 1358 καὶκροτή-

73 1388 142 1435 σεσι
151 1375 282 1454 χειρών.
303 1366 449 1435 κατιδων
463 1365 499 1435 δὲ
509 1363 624 1451 αὐτόν,
643 1364 776 1454 Ἁξίοχε,
791 1376 825 1436 τί
839 1377 960 1451 ταῦτας
978 1375 1079 1456 ἔφην·

72 1471 136 1533 ποῦ
148 1464 190 1532 τά
208 1464 361 1549 πρόσθεν
374 1461 544 1552 αὐχήματα
561 1468 617 1533 καὶ
634 1470 671 1533 αί
685 1480 833 1554 συνεχεῖς
848 1464 995 1552 εὐλογίαι
1010 1474 1081 1535 τοῖν

72 1560 198 1647 ἀρετῶν
209 1565 266 1631 καὶ
276 1559 313 1630 τό
326 1559 519 1649 ἀρρατονίν
530 1565 583 1631 σοὶ
597 1563 742 1649 δάρσοςς
759 1561 879 1650 ἀςγάρ
895 1562 1080 1650 ἀγωνιστής
1135 1632 1143 1641 ,

72 1660 186 1748 δειλός,
199 1664 237 1731 ἐν
246 1675 315 1740 τοῖς
324 1669 519 1747 γυμνασίοις
525 1676 677 1746 γενναῖος
688 1662 899 1748 φαινόμενος,
910 1661 1079 1732 ὐπολίλοι-

70 1760 258 1838 παςόντοίς
268 1757 395 1839 ἄθλοις.
420 1756 482 1827 οὐκ
493 1763 651 1845 ἐπιλομιεί
657 1760 719 1846 τὴν
730 1760 836 1846 φύσιν
846 1763 1074 1848 περιεσκεμμίὲ
1092 1786 1113 1835 Β

70 1884 146 1943 νως,
157 1856 245 1945 ἀνήρ
257 1858 396 1926 τοσόσδε
405 1865 453 1946 τῷ
464 1858 574 1948 χρόνῳ
590 1860 646 1926 καί
661 1858 823 1944 κατήκοος
838 1859 948 1945 λόγων
964 1868 1031 1944 καί,
1049 1865 1080 1926 εί

70 1958 173 2042 μηδὲν
183 1956 309 2040 ἕτερον,
318 1954 504 2042 Ἀθηναῖος,
515 1954 577 2040 ότι,
588 1953 626 2024 τό
637 1952 755 2023 κοινόν
766 1953 807 2042 δή
817 1963 917 2024 τοῦτο
929 1958 984 2024 καὶ
994 1953 1079 2041 πρός

69 2052 204 2122 πάντων
216 2054 465 2140 θρυλούμενον,
478 2058 700 2140 παρεπιδημία
716 2060 765 2133 τίς
781 2056 870 2122 ἐστιν
887 2051 905 2120 ὁ
923 2060 1004 2141 βίος,
1022 2056 1104 2122 καί
1155 2046 1159 2055 “

70 2151 118 2219 ότι
134 2156 188 2220 δεῖ
206 2153 373 2219 *τοῦτον*
390 2155 539 2231 ἐπιεικῶς
555 2152 774 2271 διμγαγόντας
792 2147 949 2237 εὐθύμως
969 2152 1077 2237 μόνον

70 2246 142 2335 οὐχὶ
152 2272 257 2317 παιαν
257 2255 385 2330 ίζοντας
403 2247 495 2328 είς
460 2275 498 2317 το
512 2249 619 2337 χρεων
636 2248 784 2329 ἀπιέναι;
798 2276 836 2318 το
824 2247 949 2318 δλ”
906 2275 995 2316 ουτω
1011 2274 1077 2336 μα-

68 2354 178 2426 λακως
193 2350 249 2416 καί
266 2350 550 2428 δυσαποσπάστως
571 2355 657 2436 ἔχειν
677 2355 800 2438 νηπίου
822 2352 920 2435 δίκην
936 2345 979 2416 οὐ
1001 2349 1078 2436 περὶ

69 2453 267 2531 φρονοῦσαν
279 2443 412 2532 ήλικίαν
424 2450 522 2515 ἐστίν.

151 2549 219 2619 ΑΞ.
238 2542 361 2631 Αλήθή
372 2570 487 2631 ταντα,
500 2538 725 2633 ωΣάκρατες,
741 2549 796 2615 καλ
807 2544 919 2633 όρθως
929 2570 986 2631 μοι
997 2548 1076 2629 φαί
1096 2562 1115 2613 c

68 2664 118 2709 νει
127 2642 253 2727 λέγων·
275 2641 351 2711 ἀλλ’
364 2643 426 2712 οὐκ
438 2643 534 2712 old*
515 2669 604 2724 οπως
613 2641 694 2728 παρθ
708 2642 837 2712 αὐτότὸ
851 2642 966 2712 δεινόν
976 2668 1076 2728 μενο-

39 2760 43 2767 ’
67 2742 155 2830 μένω
167 2743 204 2808 ol
213 2738 503 2828 μὶνκαρτεροὶκαλ
517 2745 660 2826 περιττοί
670 2741 764 2827 λόγοι
781 2738 1004 2808 ὐπεκανέονσι
1019 2747 1076 2807 λε-

66 2836 220 2924 ληθότως
237 2841 292 2906 καί
307 2838 528 2926 ἀτιμάζονται,
545 2839 690 2925 ἀντίσχει
709 2839 745 2907 δδ
767 2842 840 2917 δέος
859 2863 901 2922 τι,
919 2843 1076 2914 ποικίλως

67 2936 291 3022 περιαμύττον
308 2935 368 3004 τόν
384 2943 481 3022 νούν,
502 2942 534 3006 εί
548 2937 749 3024 στερήσομαι
764 2939 865 3004 τοῦδε
881 2941 943 3003 τοῦ
964 2931 1075 3020 φωτός

66 3031 359 3122 καίτιόνάμαδων,
372 3033 484 3123 ἀειδής
501 3035 537 3104 δὲ
553 3037 609 3104 καλ
626 3033 772 3127 ἄπυστος
789 3032 947 3103 ὁποίποτε
963 3038 1074 3101 κείσο-

65 3154 122 3216 μαι
133 3131 495 3218 σήπόμενος,είς“εὐλάς
506 3136 561 3202 καὶ
577 3132 733 3202 κνώδαλα
748 3133 972 3221 μεταβάλλων.

148 3232 200 3296 ΠΙ.
222 3234 298 3298 Σίλ.
320 3225 630 3321 Σννάπτειςνάρ,ἀ
644 3229 774 3320 Ἀξίοχε,
786 3231 877 3316 παρά
889 3231 950 3320 τήν
961 3229 1107 3306 ἀνεαι-ι)

64 3332 202 3396 στασίων
210 3325 513 3419 ἀνεπιλογίστωςτή
523 3329 727 3422 ἀναισθησία
734 3340 903 3418 αίσδησιν,
912 3331 967 3398 καὶ
978 3350 1072 3398 σεαυ·
